4156 5474
592 461 714 580 194
805 415 1707 540 SdffimwnfiommnmaLffistV.
1813 507 1827 530 .

585 619 716 722 quaefit
732 618 1069 695 minimorectarum
1089 641 1172 714 quae
1196 619 1385 702 abeodem
1415 637 1550 719 puncto
1570 619 1653 696 duci
1678 615 1819 716 possunt
1840 621 1885 694 ed

585 733 736 809 eandem
749 731 945 808 sectionem.
970 730 1038 806 Vel
1051 729 1076 807 sr
1089 733 1125 806 in
1137 731 1360 808 axesecundo
1370 735 1536 832 Ellipseos
1546 735 1649 808 detur
1659 731 1893 831 punctqu

586 844 685 943 cujus
694 844 1030 920 distantiaavettice
1039 845 1225 919 remotiore
1238 847 1312 920 axis
1335 845 1382 918 M
1396 849 1514 922 minor
1540 847 1590 922 est
1610 846 1758 921 dimidio
1785 843 1889 941 ipsius

587 957 786 1057 parmeni,
804 955 929 1032 eidem
953 959 1089 1055 prorsus
1105 955 1274 1031 methodo
1288 957 1449 1033 ducenda
1464 957 1515 1034 est
1535 976 1630 1033 recta
1654 957 1730 1051 Q*
1744 979 1826 1052 quae
1848 954 1889 1030 srt

595 1071 751 1146 maxima
778 1091 1056 1167 rectorumque
1082 1070 1127 1143 ad
1153 1069 1305 1145 eandem
1334 1091 1470 1170 partem
1500 1071 1574 1144 axis
1599 1069 1681 1144 duci
1706 1069 1890 1168 possuntt

593 1199 726 1282 puncto
743 1181 850 1276 Qad
865 1181 1065 1259 sectionem.

961 1523 1394 1611 DEFJNIrlo
1450 1523 1535 1606 IV.

592 1733 682 1935 SI
707 1731 856 1803 circulus
875 1732 1064 1807 sectionem
1089 1737 1248 1809 conicam
1276 1733 1312 1806 in
1338 1733 1464 1828 quovis
1491 1752 1624 1832 puncto
1642 1733 1690 1808 ita
1714 1729 1898 1828 contingat

681 1856 721 1914 ut
748 1839 837 1914 inter
870 1839 982 1936 ipsum
1011 1859 1048 1917 et
1081 1843 1268 1915 sectionem
1299 1845 1417 1914 nullus
1443 1845 1530 1916 alius
1568 1845 1720 1917 circulus
1751 1839 1895 1916 transire

591 1949 729 2047 potest;
757 1951 818 2024 hic
851 1949 1002 2025 circulus
1027 1951 1154 2024 dicitur
1175 1949 1306 2021 habere
1334 1951 1458 2020 condem
1480 1951 1698 2023 Curvaturam
1724 1973 1809 2022 cum
1827 1950 1899 2022 sec·

593 2068 689 2140 tione
718 2066 753 2138 in
774 2083 908 2166 puncto
934 2081 1137 2152 contectum
1159 2061 1218 2138 vel
1243 2057 1370 2152 dicitur
1392 2061 1580 2135 sectionem
1605 2065 1642 2135 in
1679 2061 1743 2136 isto
1765 2081 1898 2158 puncto

593 2179 745 2275 Oscusart'.
2034 2177 2035 2186 '

1060 2341 1432 2463 enon.xw.

597 2570 799 2680 Apuncto
830 2567 868 2648 C
901 2565 942 2648 in
972 2563 1135 2648 sectione
1164 2565 1297 2650 conica
1314 2564 1476 2648 ducatur
1495 2567 1542 2648 ad
1570 2598 1684 2654 axem
1712 2569 1791 2679 ejus
1808 2573 1893 2653 ΑΗ

655 2695 741 2804 (qui
771 2693 810 2770 in
835 2689 962 2802 Ellipfi
993 2707 1059 2770 aut
1087 2691 1313 2802 Hyperbola
1340 2690 1385 2770 srt
1416 2691 1657 2799 transversus)
1689 2713 1790 2776 recte
1821 2693 1892 2804 ipsi
2034 2751 2035 2778 r

651 2815 855 2900 ordinatim
882 2811 1068 2926 applicata
1092 2815 1248 2896 sectioni
1279 2815 1414 2898 rursus
1440 2845 1645 2902 occurrens
1673 2819 1714 2899 iu
1746 2820 1792 2916 B,
1820 2821 1896 2902 &a

652 2959 796 3056 puncto
826 2942 859 3022 B
885 2941 1045 3022 ducatur
1069 2941 1254 3022 diameter
1276 2943 1367 3038 ΒΚ,
1395 2945 1435 3024 dc
1461 2969 1485 3022 a
1512 2944 1642 3054 primo
1677 2961 1823 3055 puncto
1854 2945 1893 3027 C

651 3068 812 3148 ducatur
842 3083 947 3148 recta
973 3063 1067 3147 huic
1090 3065 1277 3150 diametro
1294 3063 1498 3150 ordinatim
1524 3059 1711 3180 applicem
1738 3061 1897 3151 sectioni
2034 3085 2035 3118 ¹

655 3193 780 3278 rursus
806 3220 1008 3276 occurrens
1027 3194 1067 3276 iu
1091 3193 1130 3275 R
1142 3231 1156 3293 3
1185 3194 1213 3276 fi
1241 3191 1470 3277 describatur
1499 3191 1664 3279 circulus
1680 3192 1788 3278 CRP
1813 3196 1897 3279 sec·

654 3319 801 3400 tionem
832 3317 1056 3430 contingens
1074 3319 1112 3401 in
1139 3319 1188 3418 C,
1217 3323 1258 3403 dc
1284 3319 1465 3402 transrent
1510 3339 1579 3432 per
1607 3339 1798 3433 punctum
1827 3323 1895 3418 R;
2034 3355 2035 3400 i

607 3444 613 3474 ’
658 3448 723 3530 hic
750 3435 915 3534 circulus
931 3447 1093 3530 eandem
1111 3445 1268 3532 habebit
1296 3465 1540 3532 curvaturam
1558 3476 1652 3533 cum
1674 3448 1837 3535 sectione
1856 3452 1896 3533 in

654 3591 799 3682 puncto
816 3590 1010 3654 contactus
1024 3573 1070 3654 C.
2034 3587 2035 3602 r

700 3754 962 3834 UCATUR
990 3775 1053 3854 per
1079 3771 1284 3833 contectum
1309 3753 1341 3831 C
1371 3757 1574 3832 communis
1591 3759 1812 3859 contingens,
1839 3755 1898 3838 axi
2034 3781 2035 3836 r

715 3876 872 3949 sectionis
888 3899 1073 3951 occurrens
1103 3876 1139 3950 in
1160 3877 1207 3966 A,
1233 3879 1271 3950 dr
1297 3895 1360 3972 per
1384 3889 1560 3971 punctum
1583 3869 1777 3948 Bducatur
1800 3893 1897 3951 recto

595 3981 784 4058 sectionem
812 3987 1031 4085 contingens,
1067 3987 1141 4060 haec
1166 4005 1325 4080 occurret
1352 3986 1450 4062 alteri
1476 3986 1694 4085 contingenti
1724 3973 1761 4062 in
1786 3989 1824 4064 A
1851 3992 1896 4066 ad
2034 4007 2035 4040 ¹

595 4115 699 4228 axem
714 4099 811 4194 (Cor.
829 4123 863 4180 a.
881 4101 939 4180 26ss
957 4101 1016 4180 lib.
1037 4103 1088 4193 1.)
1106 4104 1261 4180 &erunt
1277 4101 1437 4198 nem-B
1450 4101 1600 4202 aequales
1614 4119 1655 4181 ut
1671 4117 1777 4204 patet.
1842 4212 1850 4230 .

1801 4211 1895 4292 Dtco
2034 4159 2035 4162 Ν
