4134 5460
344 443 643 576 Senianum
670 447 988 574 Conicarum
1014 455 1141 576 Lib.
1176 462 1224 578 Ι.
1418 505 1454 584 2
1461 505 1496 620 3

242 737 337 814 Cor.
354 737 382 815 1.
410 739 507 818 Hinc
523 755 630 836 potet,
647 738 744 834 quod
760 737 784 815 sr
800 738 938 834 quevis
955 755 1050 816 rocta
1058 740 1240 840 continget
1255 742 1423 841 Ellipnm,
1440 766 1500 822 aut

191 849 455 948 Hyperbolum,
468 853 547 930 duci
564 852 674 952 potest
688 869 762 936 troo
772 853 839 936 alio
851 872 945 929 recte
955 877 1036 950 quae
1046 854 1217 952 Etnpnrn
1234 876 1295 932 aut
1305 860 1501 958 oppofitom

190 965 449 1062 Hyperbolom,
455 969 647 1066 continget,
664 972 701 1046 δι
713 965 762 1042 srt.
770 969 877 1066 priori
891 970 1109 1067 contingenti
1121 971 1292 1068 parallelo

241 1084 337 1158 Cor.
353 1083 394 1158 11.
421 1083 519 1158 Hinc
540 1085 650 1158 etiem
664 1099 774 1178 petet,
797 1081 896 1176 quod
914 1079 939 1154 fi
956 1104 977 1154 a
997 1100 1131 1178 puncto
1143 1083 1336 1176 Parabolae,
1350 1086 1500 1161 dueatur

190 1201 285 1270 mro
298 1196 460 1294 parallelo
473 1198 589 1274 cuivis
599 1197 833 1292 contingenti,
854 1195 1033 1272 Poroboiae
1056 1198 1185 1272 iterum
1199 1217 1359 1274 occurret
1372 1235 1383 1287 t
1415 1225 1500 1274 nam

189 1313 301 1410 ipim
324 1314 450 1408 nequit
478 1313 685 1408 contingere
701 1313 781 1405 (per
805 1327 943 1406 portem
965 1312 1120 1405 prinam
1138 1311 1229 1408 huj.)
1258 1338 1341 1410 ergo
1358 1339 1403 1390 ex
1432 1338 1503 1388 una

189 1447 291 1526 porte
320 1429 424 1500 cedet
457 1429 547 1501 intra
575 1424 796 1515 Parabolam,
828 1429 867 1500 ὅτ
896 1443 981 1520 crgo
1007 1427 1088 1522 (per
1104 1425 1186 1502 Cor.
1215 1427 1316 1525 Prop.
1334 1432 1498 1527 praeeed.)

191 1533 255 1638 ipsi
274 1540 401 1614 iterum
415 1539 584 1614 memet.
620 1537 759 1614 Eodem
774 1537 882 1614 rnodo
896 1537 1032 1614 ostendi
1046 1539 1171 1636 potest,
1186 1561 1353 1616 rectoma
1370 1562 1503 1638 puncto

188 1656 366 1753 Eilipseoe,
396 1674 457 1730 aut
475 1655 692 1755 Hyperbolae
708 1657 869 1746 ductam,
888 1652 1091 1752 perellelarn
1112 1656 1251 1732 <hiobus
1268 1660 1503 1756 contingenti-

190 1775 271 1868 bus,
285 1772 417 1906 Eiiipfi,
434 1791 496 1848 out
514 1771 730 1873 Hyperbolae
746 1775 877 1848 iterim
893 1778 1084 1853 occurrere.

573 2131 625 2210 M
666 2135 706 2210 0
744 2135 789 2256 N
830 2135 856 2210 Ι4
888 2136 930 2214 T
971 2136 1013 2212 U
1055 2134 1119 2216 M.

323 2321 406 2396 ΘΝ
410 2320 445 2396 E
450 2318 496 2394 N
498 2317 534 2390 D
543 2315 610 2391 US
634 2317 788 2416 esiliam,
814 2317 896 2418 quod
916 2317 1153 2412 interfatione
1179 2323 1293 2396 ronias
1318 2341 1501 2400 numeratur

198 2501 207 2510 .
320 2433 461 2526 araim,
482 2455 558 2506 narr
569 2432 710 2544 qrr'cquris
722 2434 756 2504 in
763 2429 974 2532 srqmtrirrs,
995 2431 1032 2503 de
1053 2431 1152 2506 rribm
1164 2434 1345 2524 seririrnr'bus
1358 2435 1433 2534 jam
1448 2437 1499 2512 de.

175 2553 278 2646 finitis
287 2549 440 2646 probam
453 2546 682 2640 universaliter,
703 2547 840 2622 r'detr'arrr
850 2544 959 2620 arado
972 2549 1134 2633 cononum
1160 2547 1380 2646 utplcrumque
1393 2549 1499 2624 exele·
1569 2568 1571 2574 ’

187 2671 293 2754 nunti
308 2665 487 2754 &neris
500 2663 619 2758 cosat-

333 3081 338 3090 .
637 2999 727 3080 PR
746 2997 784 3078 0
803 2997 849 3079 Ρ.
904 3001 983 3082 XV
983 3001 1057 3086 111.

190 3135 230 3220 Si
246 3134 461 3216 ducrectae
479 3127 548 3212 fibi
565 3123 733 3210 invicem
748 3141 1003 3222 occurrentes,
1038 3126 1112 3208 sot
1126 3125 1274 3208 duabus
1294 3125 1405 3210 rectis
1421 3155 1493 3238 po-

243 3255 375 3342 sitione
394 3257 491 3337 datie
516 3254 663 3359 semper
678 3248 876 3358 parallelo,
901 3269 1016 3359 prout
1033 3255 1154 3332 ambae
1173 3254 1408 3361 contingant,
1429 3273 1494 3336 aut

242 3385 380 3479 secent,
401 3379 464 3460 vel
488 3369 621 3459 earum
645 3399 723 3455 una
750 3369 958 3483 contingat,
979 3377 1019 3456 st
1039 3374 1154 3456 altera
1171 3375 1269 3456 secet
1287 3377 1492 3462 sectionem

242 3509 418 3594 conicrm
446 3504 507 3588 vel
534 3500 714 3584 sectiones
734 3498 944 3610 oppositam
983 3501 1165 3612 quadrata
1190 3529 1239 3583 ex
1263 3503 1491 3615 contingen.

240 3637 341 3720 tium
355 3629 571 3746 segmentis,
586 3625 648 3712 vet
664 3625 882 3736 rectangula
897 3645 1076 3710 contenta
1088 3625 1296 3710 secantium
1314 3630 1489 3740 segmen-

241 3763 302 3861 tis,
334 3763 432 3844 inter
458 3777 648 3842 rectarum
664 3753 876 3849 occursum,
907 3755 1178 3848 &sectionem
1208 3755 1268 3836 vel
1294 3756 1488 3856 sectiones,

241 3893 353 3957 erunt
382 3873 429 3954 ad
454 3871 490 3952 se
514 3867 680 3950 invicem
705 3863 854 3974 semper
880 3863 920 3944 in
933 3866 1068 3948 eadem
1088 3866 1245 3961 ratione,
1267 3865 1487 3979 ubicunque

243 4001 351 4084 cadat
368 4015 559 4082 rectarum
577 3991 766 4076 occursus.

291 4183 557 4263 ONSTAT
585 4183 662 4258 haec
689 4177 881 4280 Proposrtio
901 4202 945 4257 ex
959 4175 1198 4280 Propofitione
1228 4181 1422 4282 inhujus,
1453 4187 1491 4257 ὅτ

299 4305 379 4385 Cor.
409 4329 439 4388 1.
466 4297 768 4381 odDefinitioner.
1385 4394 1468 4466 CR

1418 4417 1439 4465 0
1472 4449 1480 4467 .
