4054 5462
338 471 639 606 Setii'onum
669 476 984 602 Conicaram
1005 469 1133 598 [ab.
1168 463 1244 593 ΙΙ.
1354 505 1464 589 121
1606 413 1608 417 .

331 809 1298 904 PROP.·XXXVI.PROBL.V1.

166 1006 281 1088 Datis
328 1011 508 1122 positione
550 1003 750 1090 directrice
788 1001 827 1088 dt
868 1004 1081 1115 asymptoto
1131 995 1379 1110 Hyperbolae,
1428 993 1468 1072 dc

227 1134 308 1340 {us
335 1135 423 1219 foco
457 1137 550 1220 huic
584 1132 774 1218 directrici
812 1132 992 1245 propiore
1024 1130 1131 1224 dato;
1168 1127 1288 1240 ipsam
1325 1120 1465 1206 descri-
1510 1117 1515 1129 ’

276 1287 331 1340 re.

243 1449 313 1526 lT
338 1471 432 1528 recta
447 1451 524 1530 DX
553 1453 720 1528 directrix
740 1448 968 1550 Hyperbolae,
1004 1449 1087 1528 &F
1116 1445 1215 1549 locus
1242 1445 1317 1546 ejus
1329 1442 1391 1546 ‚isti
1416 1442 1468 1515 di·
1499 1467 1566 1530 μω,
1587 1481 1637 1546 ²7·

253 1565 394 1648 ¹rectrici
408 1568 563 1664 propior,
586 1572 623 1642 dt
642 1563 683 1640 fit
699 1586 794 1642 recta
808 1567 875 1642 CY
888 1565 1053 1668 parallela
1079 1565 1141 1638 uni
1157 1588 1202 1637 ex
1229 1559 1302 1660 ejus
1334 1557 1469 1654 asymp-
1593 1631 1601 1654 ‚

161 1679 271 1766 totis,
299 1677 405 1776 plano
431 1679 468 1754 in
495 1706 567 1778 quo
582 1681 632 1756 cst
647 1681 854 1779 Hyperbola
871 1681 1071 1780 imponatur
1098 1701 1222 1752 norma
1249 1677 1352 1781 itaut
1380 1673 1471 1746 latus

160 1787 239 1884 ejus
255 1787 330 1866 HE
352 1791 546 1889 applicetur
573 1813 675 1868 rectae
688 1790 774 1884 DX,
799 1811 835 1867 et
861 1793 1013 1867 alterurn
1033 1793 1125 1865 latus
1150 1787 1220 1864 EG
1248 1785 1290 1862 stt
1320 1787 1364 1860 ad
1389 1785 1469 1858 istas

160 1917 283 1998 partes
303 1902 408 2001 ipsius
429 1903 505 1977 DX
520 1907 563 1982 ad
591 1931 678 2002 quas
701 1907 751 1979 est
774 1903 816 1996 F,
842 1911 880 1980 dt
909 1905 1097 1979 inclinetur
1124 1905 1216 1976 latus
1246 1921 1380 1975 normae
1401 1897 1471 1970 EG

162 2015 211 2086 ad
225 2014 317 2089 latus
329 2015 402 2090 HE
413 2035 454 2089 ut
470 2015 531 2090 fiat
549 2017 612 2114 ipss
626 2020 692 2090 CY
704 2017 932 2112 parallelum,
955 2035 1035 2088 turn
1043 2039 1112 2112 ope
1127 2015 1246 2110 paxilli
1263 2013 1291 2084 P
1306 2029 1341 2084 et
1355 2009 1406 2080 fili
1420 2009 1469 2080 la-

164 2124 235 2198 teri
257 2123 517 2219 EGapplicati,
543 2125 641 2220 cujus
659 2129 862 2200 extremitas
875 2126 910 2199 in
926 2144 1058 2221 puncto
1071 2128 1101 2199 F
1116 2125 1277 2224 affigitur,
1290 2119 1470 2220 perfician-

159 2252 226 2310 tur
249 2233 373 2310 omnia
383 2253 423 2308 ut
438 2233 474 2309 in
486 2235 652 2310 Parabola
666 2237 889 2316 describenda
911 2239 1013 2336 Prop.
1030 2261 1048 2334 3
1054 2237 1234 2338 3.lrujus;
1260 2239 1351 2312 linea
1367 2256 1468 2309 motu

162 2349 286 2446 paxilli
300 2351 330 2424 P
343 2349 511 2447 descripta
526 2349 592 2422 erit
606 2347 824 2448 Hyperbola,
837 2353 938 2452 cujus
953 2355 1127 2428 derectrix
1146 2351 1195 2428 est
1212 2370 1306 2424 recta
1320 2349 1406 2439 DX,
1431 2365 1468 2422 et

163 2463 380 2558 asymptotos
395 2460 559 2558 parallela
575 2459 636 2556 ipsi
646 2459 726 2550 CY,
740 2484 776 2538 et
788 2463 886 2540 focus
899 2469 937 2544 F.
954 2469 1052 2542 Nam
1069 2467 1238 2560 quoniam
1251 2462 1365 2538 filiurn
1375 2459 1468 2534 GPF

160 2576 217 2652 est
230 2577 363 2671 equale
376 2573 439 2670 ipli
458 2571 568 2664 GPE,
582 2575 648 2648 erit
662 2593 756 2650 recta
768 2575 828 2652 PF
837 2601 858 2650 a
875 2579 1004 2676 paxillo
1018 2579 1062 2652 ad
1074 2575 1195 2650 focum
1208 2577 1315 2648 ducta
1325 2574 1468 2666 aequalis

162 2703 268 2762 recta
279 2685 337 2760 PE
350 2686 399 2758 ab
416 2685 542 2760 eodern
555 2685 684 2785 paxillo
701 2687 815 2763 ducta
830 2689 876 2764 ad
893 2689 1114 2766 directricem
1131 2691 1170 2762 uc
1194 2685 1390 2782 asynrptoto
1407 2703 1469 2780 pa·

160 2801 293 2876 rallclae
308 2827 318 2875 t
335 2799 533 2893 &proinde
549 2799 699 2894 paxillus
713 2799 740 2870 P
756 2822 918 2873 movetur
934 2805 971 2873 in
996 2801 1204 2900 Hyperbola
1230 2799 1329 2898 cujus
1355 2795 1467 2872 direc-

164 2912 238 2986 trix
252 2911 302 2985 est
318 2925 413 2982 recta
435 2905 511 2980 DX
532 2905 572 2982 dt
585 2923 773 3006 punctunn
780 2905 812 2992 F
827 2907 927 2985 focus
954 2911 1036 2986 huic
1057 2911 1228 2986 directrici
1250 2911 1403 3006 propior,
1428 2913 1467 2984 dt

72 3019 75 3028 ’
163 3025 269 3127 cujus
284 3021 473 3122 asymtotos
486 3023 536 3098 est
550 3020 611 3120 ipsr
621 3021 689 3098 CY
698 3021 875 3120 parallela,
890 3048 953 3126 per
964 3029 1047 3103 Cor.
1064 3023 1165 3126 Prop.
1197 3023 1382 3123 ¹3·h11l¹¹⁵·

216 3209 313 3284 Con.
330 3207 366 3280 Si
378 3206 526 3302 planum
539 3205 757 3303 superficiem
772 3209 933 3282 conicam
946 3209 1076 3300 secans,
1090 3213 1127 3285 dt
1140 3207 1329 3287 sectionem
1339 3202 1470 3276 faciens

162 3319 373 3398 Parabolam
387 3339 498 3412 quam
512 3317 703 3391 minimum
736 3319 922 3394 inclinetur
950 3321 1062 3395 itaut
1086 3319 1276 3418 superficiei
1302 3311 1468 3413 oppofite

161 3449 337 3522 occurrat,
369 3429 474 3502 sectio
499 3427 616 3510 statim
648 3449 805 3504 mutatur
829 3432 865 3505 in
896 3433 1172 3538 Hyperbolum,
1201 3433 1327 3506 eadem
1360 3429 1469 3504 etiarn

162 3545 356 3624 similitudo
381 3544 472 3616 inter
495 3542 594 3618 hasce
619 3535 786 3618 sectiones
816 3545 987 3652 observari
1024 3547 1137 3649 potest
1165 3547 1200 3620 in
1230 3545 1380 3642 ipsarum
1405 3545 1466 3618 de-

160 3655 406 3756 scriptionibus
421 3653 458 3725 in
472 3654 599 3746 plano;
630 3653 757 3730 namsi
783 3655 873 3731 latus
896 3681 1040 3749 normae,
1068 3658 1125 3733 cui
1149 3659 1254 3732 filum
1272 3658 1466 3758 applicatur

162 3773 202 3848 in
227 3767 399 3848 Parabola
430 3764 666 3853 destribenda,
707 3767 752 3836 ad
779 3770 931 3841 alteruin
957 3773 1050 3842 latus
1078 3772 1276 3860 inclinetur,
1317 3769 1466 3864 paxillus

159 3875 602 3983 Hyperbolamdescriber,
627 3879 664 3950 δι
677 3891 855 3975 practerea,
880 3901 965 3954 curn
986 3881 1021 3953 in
1038 3879 1092 3952 his
1115 3879 1324 3954 sectionibus
1342 3877 1465 3952 descri-

59 4029 63 4044 ·
160 3995 290 4076 bendir
303 3996 394 4070 latus
421 4011 557 4065 nortnae
582 4009 645 4087 per
658 3982 785 4087 ,focum
805 3989 934 4083 transit,
965 4015 1046 4090 pars
1070 3991 1120 4066 fili
1142 3989 1200 4065 PF
1224 3994 1314 4067 inter
1340 3991 1460 4068 focum

162 4133 202 4192 et
228 4107 399 4208 paritum
424 4107 490 4182 erit
514 4119 639 4202 quarta
666 4123 746 4199 pars
773 4107 960 4201 pararnetri
984 4106 1059 4179 atris
1086 4107 1264 4204 utriusque
1290 4107 1461 4198 sectionis,

164 4243 208 4306 ut
230 4223 364 4300 constat
377 4242 423 4295 ex
439 4218 523 4297 Des.
544 4216 613 4294 foci
626 4217 804 4294 Parabolae
820 4235 912 4294 etex
927 4217 1008 4298 Cor.
1035 4220 1139 4326 Prop.
1169 4221 1227 4302 26.
1248 4219 1359 4316 hujus.
