<?xml version="1.0" encoding="UTF-8"?>
<!DOCTYPE html PUBLIC "-//W3C//DTD XHTML 1.0 Transitional//EN"
    "http://www.w3.org/TR/xhtml1/DTD/xhtml1-transitional.dtd">
<html xmlns="http://www.w3.org/1999/xhtml" xml:lang="en" lang="en">
 <head>
  <title>
</title>
<meta http-equiv="Content-Type" content="text/html;charset=utf-8" />
  <meta name='ocr-system' content='tesseract 3.04.00' />
  <meta name='ocr-capabilities' content='ocr_page ocr_carea ocr_par ocr_line ocrx_word'/>
</head>
<body>
  <div class='ocr_page' id='page_1' title='image "./desectionibusco00hamigoog_0186.png"; bbox 0 0 4156 5474; ppageno 0'>
   <div class='ocr_carea' id='block_1_1' title="bbox 359 410 1509 592">
    <p class='ocr_par' dir='ltr' id='par_1_1' title="bbox 359 410 1509 592">
     <span class='ocr_line' id='line_1_1' title="bbox 359 410 1509 592; baseline 0.01 -56"><span class='ocrx_word' id='word_1_1' title='bbox 359 526 364 536; x_wconf 86' lang='lat'><em>.</em></span> <span class='ocrx_word' id='word_1_2' title='bbox 422 431 522 550; x_wconf 85' lang='lat' dir='ltr'>De</span> <span class='ocrx_word' id='word_1_3' title='bbox 562 420 761 592; x_wconf 81' lang='lat' dir='ltr'>Ellt&#39;pſs</span> <span class='ocrx_word' id='word_1_4' title='bbox 796 410 878 560; x_wconf 70' lang='lat'>&amp;³</span> <span class='ocrx_word' id='word_1_5' title='bbox 920 415 1250 590; x_wconf 52' lang='lat' dir='ltr'>&amp;perhola</span> <span class='ocrx_word' id='word_1_6' title='bbox 1390 469 1509 586; x_wconf 88' lang='lat'>147</span> 
     </span>
    </p>
   </div>
   <div class='ocr_carea' id='block_1_2' title="bbox 669 765 1035 849">
    <p class='ocr_par' dir='ltr' id='par_1_2' title="bbox 669 765 1035 849">
     <span class='ocr_line' id='line_1_2' title="bbox 669 765 1035 849; baseline -0.003 -1"><span class='ocrx_word' id='word_1_7' title='bbox 669 765 915 848; x_wconf 91' lang='lat' dir='ltr'><strong>·PROP.</strong></span> <span class='ocrx_word' id='word_1_8' title='bbox 963 767 1035 849; x_wconf 86' lang='lat' dir='ltr'>VI.</span> 
     </span>
    </p>
   </div>
   <div class='ocr_carea' id='block_1_3' title="bbox 209 932 1507 1199">
    <p class='ocr_par' dir='ltr' id='par_1_3' title="bbox 209 932 1504 1199">
     <span class='ocr_line' id='line_1_3' title="bbox 209 932 1504 1104; baseline 0.007 -66"><span class='ocrx_word' id='word_1_9' title='bbox 209 957 451 1067; x_wconf 85' lang='lat' dir='ltr'>Qadratum</span> <span class='ocrx_word' id='word_1_10' title='bbox 469 987 516 1042; x_wconf 84' lang='lat' dir='ltr'>ex</span> <span class='ocrx_word' id='word_1_11' title='bbox 536 959 686 1042; x_wconf 90' lang='lat' dir='ltr'>summa</span> <span class='ocrx_word' id='word_1_12' title='bbox 700 955 905 1066; x_wconf 85' lang='lat' dir='ltr'>aequaiium</span> <span class='ocrx_word' id='word_1_13' title='bbox 920 956 1196 1041; x_wconf 84' lang='lat' dir='ltr'>diametrorum</span> <span class='ocrx_word' id='word_1_14' title='bbox 1215 932 1504 1104; x_wconf 83' lang='lat' dir='ltr'>conjugatarum</span> 
     </span>
     <span class='ocr_line' id='line_1_4' title="bbox 264 1085 1507 1199; baseline 0.003 -32"><span class='ocrx_word' id='word_1_15' title='bbox 264 1086 462 1196; x_wconf 81' lang='lat' dir='ltr'>Eliipseos,</span> <span class='ocrx_word' id='word_1_16' title='bbox 491 1089 546 1170; x_wconf 88' lang='lat' dir='ltr'>est</span> <span class='ocrx_word' id='word_1_17' title='bbox 574 1086 720 1197; x_wconf 86' lang='lat' dir='ltr'>aequale</span> <span class='ocrx_word' id='word_1_18' title='bbox 751 1085 936 1194; x_wconf 82' lang='lat' dir='ltr'>quadrato</span> <span class='ocrx_word' id='word_1_19' title='bbox 958 1111 1011 1168; x_wconf 80' lang='lat' dir='ltr'>ex</span> <span class='ocrx_word' id='word_1_20' title='bbox 1040 1085 1191 1170; x_wconf 88' lang='lat' dir='ltr'>summa</span> <span class='ocrx_word' id='word_1_21' title='bbox 1214 1087 1381 1171; x_wconf 80' lang='lat' dir='ltr'>duarum</span> <span class='ocrx_word' id='word_1_22' title='bbox 1411 1088 1507 1199; x_wconf 75' lang='lat' dir='ltr'>q&#39;ua-</span> 
     </span>
    </p>
   </div>
   <div class='ocr_carea' id='block_1_4' title="bbox 261 1211 1505 1420">
    <p class='ocr_par' dir='ltr' id='par_1_4' title="bbox 261 1211 1505 1420">
     <span class='ocr_line' id='line_1_5' title="bbox 261 1211 1505 1366; baseline 0.002 -72"><span class='ocrx_word' id='word_1_23' title='bbox 261 1212 405 1294; x_wconf 87' lang='lat' dir='ltr'>rumvis</span> <span class='ocrx_word' id='word_1_24' title='bbox 438 1217 730 1324; x_wconf 78' lang='lat' dir='ltr'>eonjugatarum</span> <span class='ocrx_word' id='word_1_25' title='bbox 762 1237 949 1295; x_wconf 86' lang='lat' dir='ltr'>unacum</span> <span class='ocrx_word' id='word_1_26' title='bbox 968 1214 1154 1323; x_wconf 86' lang='lat' dir='ltr'>quadrato</span> <span class='ocrx_word' id='word_1_27' title='bbox 1174 1241 1222 1296; x_wconf 85' lang='lat' dir='ltr'>ex</span> <span class='ocrx_word' id='word_1_28' title='bbox 1241 1213 1407 1366; x_wconf 75' lang='lat' dir='ltr'>ipsarum</span> <span class='ocrx_word' id='word_1_29' title='bbox 1427 1211 1505 1296; x_wconf 89' lang='lat' dir='ltr'>dif</span> 
     </span>
     <span class='ocr_line' id='line_1_6' title="bbox 261 1337 1124 1420; baseline 0.013 -2"><span class='ocrx_word' id='word_1_30' title='bbox 261 1337 436 1420; x_wconf 87' lang='lat' dir='ltr'>ferentia.</span> <span class='ocrx_word' id='word_1_31' title='bbox 1121 1369 1124 1380; x_wconf 86' lang='lat'>·</span> 
     </span>
    </p>
   </div>
   <div class='ocr_carea' id='block_1_5' title="bbox 198 1553 1656 1996">
    <p class='ocr_par' dir='ltr' id='par_1_5' title="bbox 270 1553 1656 1771">
     <span class='ocr_line' id='line_1_7' title="bbox 270 1553 1656 1658; baseline 0.003 -26"><span class='ocrx_word' id='word_1_32' title='bbox 270 1553 381 1632; x_wconf 87' lang='lat' dir='ltr'>INT</span> <span class='ocrx_word' id='word_1_33' title='bbox 407 1573 509 1633; x_wconf 82' lang='lat' dir='ltr'>rectae</span> <span class='ocrx_word' id='word_1_34' title='bbox 529 1556 609 1652; x_wconf 91' lang='lat' dir='ltr'>GC,</span> <span class='ocrx_word' id='word_1_35' title='bbox 625 1557 687 1634; x_wconf 89' lang='lat' dir='ltr'>CF</span> <span class='ocrx_word' id='word_1_36' title='bbox 706 1560 869 1635; x_wconf 83' lang='lat' dir='ltr'>diametri</span> <span class='ocrx_word' id='word_1_37' title='bbox 886 1559 1080 1658; x_wconf 73' lang='lat' dir='ltr'>conjugata</span> <span class='ocrx_word' id='word_1_38' title='bbox 1104 1557 1257 1656; x_wconf 78' lang='lat' dir='ltr'>aequales</span> <span class='ocrx_word' id='word_1_39' title='bbox 1274 1555 1452 1658; x_wconf 88' lang='lat' dir='ltr'>Ellipseos,</span> <span class='ocrx_word' id='word_1_40' title='bbox 1471 1555 1510 1640; x_wconf 77' lang='lat' dir='ltr'>dt</span> <span class='ocrx_word' id='word_1_41' title='bbox 1545 1574 1614 1639; x_wconf 77' lang='lat' dir='ltr'>Fra</span> <span class='ocrx_word' id='word_1_42' title='bbox 1629 1573 1656 1636; x_wconf 90' lang='grc'>6.</span> 
     </span>
     <span class='ocr_line' id='line_1_8' title="bbox 291 1667 1510 1771; baseline 0.006 -31"><span class='ocrx_word' id='word_1_43' title='bbox 291 1668 368 1761; x_wconf 84' lang='grc' dir='ltr'>ΑΒ,</span> <span class='ocrx_word' id='word_1_44' title='bbox 386 1669 451 1743; x_wconf 91' lang='lat' dir='ltr'>BD</span> <span class='ocrx_word' id='word_1_45' title='bbox 468 1670 630 1745; x_wconf 86' lang='lat' dir='ltr'>diametri</span> <span class='ocrx_word' id='word_1_46' title='bbox 645 1674 776 1766; x_wconf 87' lang='lat' dir='ltr'>quaevis</span> <span class='ocrx_word' id='word_1_47' title='bbox 797 1671 991 1771; x_wconf 70' lang='lat' dir='ltr'>conjugatu</span> <span class='ocrx_word' id='word_1_48' title='bbox 1016 1671 1217 1766; x_wconf 84' lang='lat' dir='ltr'>inaequales,</span> <span class='ocrx_word' id='word_1_49' title='bbox 1233 1673 1271 1744; x_wconf 78' lang='lat' dir='ltr'>dt</span> <span class='ocrx_word' id='word_1_50' title='bbox 1289 1667 1331 1744; x_wconf 86' lang='lat' dir='ltr'>fit</span> <span class='ocrx_word' id='word_1_51' title='bbox 1344 1671 1410 1746; x_wconf 90' lang='grc' dir='ltr'>ΑΕ</span> <span class='ocrx_word' id='word_1_52' title='bbox 1424 1673 1510 1770; x_wconf 87' lang='lat' dir='ltr'>ipsa-</span> 
     </span>
    </p>

    <p class='ocr_par' dir='ltr' id='par_1_6' title="bbox 200 1781 1511 1910">
     <span class='ocr_line' id='line_1_9' title="bbox 200 1781 1511 1910; baseline 0.008 -57"><span class='ocrx_word' id='word_1_53' title='bbox 200 1804 283 1855; x_wconf 85' lang='lat' dir='ltr'>rum</span> <span class='ocrx_word' id='word_1_54' title='bbox 306 1782 525 1875; x_wconf 71' lang='lat' dir='ltr'>differentia,</span> <span class='ocrx_word' id='word_1_55' title='bbox 558 1788 625 1861; x_wconf 87' lang='lat' dir='ltr'>erit</span> <span class='ocrx_word' id='word_1_56' title='bbox 646 1787 859 1881; x_wconf 89' lang='lat' dir='ltr'>quadratum</span> <span class='ocrx_word' id='word_1_57' title='bbox 880 1810 924 1861; x_wconf 85' lang='lat' dir='ltr'>ex</span> <span class='ocrx_word' id='word_1_58' title='bbox 940 1781 1008 1862; x_wconf 88' lang='lat' dir='ltr'>GF</span> <span class='ocrx_word' id='word_1_59' title='bbox 1029 1783 1162 1910; x_wconf 74' lang='lat' dir='ltr'>aequale</span> <span class='ocrx_word' id='word_1_60' title='bbox 1183 1784 1355 1883; x_wconf 86' lang='lat' dir='ltr'>quadrato</span> <span class='ocrx_word' id='word_1_61' title='bbox 1378 1811 1424 1862; x_wconf 78' lang='lat' dir='ltr'>ex</span> <span class='ocrx_word' id='word_1_62' title='bbox 1438 1788 1511 1864; x_wconf 87' lang='lat' dir='ltr'>AD</span> 
     </span>
    </p>

    <p class='ocr_par' dir='ltr' id='par_1_7' title="bbox 198 1890 754 1996">
     <span class='ocr_line' id='line_1_10' title="bbox 198 1890 754 1996; baseline 0.02 -31"><span class='ocrx_word' id='word_1_63' title='bbox 198 1890 225 1966; x_wconf 96' lang='lat' dir='ltr'><strong>s</strong></span> <span class='ocrx_word' id='word_1_64' title='bbox 226 1895 302 1970; x_wconf 90' lang='lat' dir='ltr'>mul</span> <span class='ocrx_word' id='word_1_65' title='bbox 321 1921 406 1986; x_wconf 84' lang='lat' dir='ltr'>cum</span> <span class='ocrx_word' id='word_1_66' title='bbox 423 1900 598 1996; x_wconf 86' lang='lat' dir='ltr'>quadrato</span> <span class='ocrx_word' id='word_1_67' title='bbox 616 1923 661 1974; x_wconf 88' lang='lat' dir='ltr'>ex</span> <span class='ocrx_word' id='word_1_68' title='bbox 679 1897 754 1976; x_wconf 84' lang='grc' dir='ltr'>ΑΕ.</span> 
     </span>
    </p>
   </div>
   <div class='ocr_carea' id='block_1_6' title="bbox 198 1993 1515 2896">
    <p class='ocr_par' dir='ltr' id='par_1_8' title="bbox 198 1993 1515 2896">
     <span class='ocr_line' id='line_1_11' title="bbox 249 1993 1513 2120; baseline 0.005 -28"><span class='ocrx_word' id='word_1_69' title='bbox 249 2019 350 2096; x_wconf 85' lang='lat' dir='ltr'>Nam</span> <span class='ocrx_word' id='word_1_70' title='bbox 379 2027 552 2116; x_wconf 79' lang='lat' dir='ltr'>quadrata</span> <span class='ocrx_word' id='word_1_71' title='bbox 577 2047 622 2092; x_wconf 84' lang='lat' dir='ltr'>ex</span> <span class='ocrx_word' id='word_1_72' title='bbox 638 2023 719 2110; x_wconf 90' lang='lat' dir='ltr'>GC,</span> <span class='ocrx_word' id='word_1_73' title='bbox 735 2018 795 2094; x_wconf 85' lang='lat' dir='ltr'>CF</span> <span class='ocrx_word' id='word_1_74' title='bbox 821 2023 877 2095; x_wconf 87' lang='lat' dir='ltr'>bis</span> <span class='ocrx_word' id='word_1_75' title='bbox 899 2023 1039 2120; x_wconf 86' lang='lat' dir='ltr'>sumpta</span> <span class='ocrx_word' id='word_1_76' title='bbox 1062 2024 1141 2098; x_wconf 90' lang='lat' dir='ltr'>sunt</span> <span class='ocrx_word' id='word_1_77' title='bbox 1160 2023 1306 2117; x_wconf 77' lang='lat' dir='ltr'>aqualia</span> <span class='ocrx_word' id='word_1_78' title='bbox 1333 1993 1513 2116; x_wconf 80' lang='lat' dir='ltr'>quadratis¹</span> 
     </span>
     <span class='ocr_line' id='line_1_12' title="bbox 199 2129 1514 2231; baseline 0.003 -27"><span class='ocrx_word' id='word_1_79' title='bbox 199 2151 247 2204; x_wconf 81' lang='lat' dir='ltr'>ex</span> <span class='ocrx_word' id='word_1_80' title='bbox 259 2131 337 2224; x_wconf 87' lang='lat' dir='ltr'>AB</span> <span class='ocrx_word' id='word_1_81' title='bbox 352 2129 418 2202; x_wconf 89' lang='lat' dir='ltr'>BD</span> <span class='ocrx_word' id='word_1_82' title='bbox 437 2130 493 2204; x_wconf 91' lang='lat' dir='ltr'>bis</span> <span class='ocrx_word' id='word_1_83' title='bbox 516 2130 664 2226; x_wconf 86' lang='lat' dir='ltr'>sumptis</span> <span class='ocrx_word' id='word_1_84' title='bbox 685 2137 811 2226; x_wconf 86' lang='lat' dir='ltr'>(per3.</span> <span class='ocrx_word' id='word_1_85' title='bbox 836 2130 925 2228; x_wconf 88' lang='lat' dir='ltr'>huj)</span> <span class='ocrx_word' id='word_1_86' title='bbox 954 2135 1012 2209; x_wconf 82' lang='lat' dir='ltr'>sed</span> <span class='ocrx_word' id='word_1_87' title='bbox 1027 2134 1199 2231; x_wconf 85' lang='lat' dir='ltr'>quadrata</span> <span class='ocrx_word' id='word_1_88' title='bbox 1216 2157 1261 2208; x_wconf 85' lang='lat' dir='ltr'>ex</span> <span class='ocrx_word' id='word_1_89' title='bbox 1278 2131 1359 2226; x_wconf 90' lang='lat' dir='ltr'>GC,</span> <span class='ocrx_word' id='word_1_90' title='bbox 1374 2133 1436 2208; x_wconf 87' lang='lat' dir='ltr'>CF</span> <span class='ocrx_word' id='word_1_91' title='bbox 1457 2136 1514 2209; x_wconf 78' lang='lat' dir='ltr'>bis</span> 
     </span>
     <span class='ocr_line' id='line_1_13' title="bbox 199 2241 1515 2343; baseline 0.002 -27"><span class='ocrx_word' id='word_1_92' title='bbox 199 2243 340 2338; x_wconf 79' lang='lat' dir='ltr'>sumpta</span> <span class='ocrx_word' id='word_1_93' title='bbox 366 2243 446 2318; x_wconf 89' lang='lat' dir='ltr'>sunt</span> <span class='ocrx_word' id='word_1_94' title='bbox 473 2241 621 2338; x_wconf 74' lang='lat' dir='ltr'>aqualia</span> <span class='ocrx_word' id='word_1_95' title='bbox 638 2243 810 2336; x_wconf 86' lang='lat' dir='ltr'>quadrato</span> <span class='ocrx_word' id='word_1_96' title='bbox 825 2268 871 2316; x_wconf 85' lang='lat' dir='ltr'>ex</span> <span class='ocrx_word' id='word_1_97' title='bbox 886 2243 955 2317; x_wconf 91' lang='lat' dir='ltr'>GF</span> <span class='ocrx_word' id='word_1_98' title='bbox 971 2249 1022 2340; x_wconf 88' lang='lat'>(4.</span> <span class='ocrx_word' id='word_1_99' title='bbox 1040 2249 1091 2343; x_wconf 85' lang='lat'>2.)</span> <span class='ocrx_word' id='word_1_100' title='bbox 1120 2250 1160 2324; x_wconf 74' lang='grc' dir='ltr'>δι</span> <span class='ocrx_word' id='word_1_101' title='bbox 1184 2245 1357 2343; x_wconf 85' lang='lat' dir='ltr'>quadrata</span> <span class='ocrx_word' id='word_1_102' title='bbox 1379 2269 1424 2322; x_wconf 82' lang='lat' dir='ltr'>ex</span> <span class='ocrx_word' id='word_1_103' title='bbox 1439 2245 1515 2338; x_wconf 86' lang='lat' dir='ltr'>AB,</span> 
     </span>
     <span class='ocr_line' id='line_1_14' title="bbox 202 2351 1514 2452; baseline 0.002 -25"><span class='ocrx_word' id='word_1_104' title='bbox 202 2351 273 2432; x_wconf 88' lang='lat' dir='ltr'>BD</span> <span class='ocrx_word' id='word_1_105' title='bbox 289 2355 344 2430; x_wconf 88' lang='lat' dir='ltr'>bis</span> <span class='ocrx_word' id='word_1_106' title='bbox 358 2356 496 2452; x_wconf 86' lang='lat' dir='ltr'>sumpta</span> <span class='ocrx_word' id='word_1_107' title='bbox 509 2353 588 2428; x_wconf 91' lang='lat' dir='ltr'>sunt</span> <span class='ocrx_word' id='word_1_108' title='bbox 603 2352 752 2447; x_wconf 83' lang='lat' dir='ltr'>aequaiia</span> <span class='ocrx_word' id='word_1_109' title='bbox 768 2356 939 2449; x_wconf 87' lang='lat' dir='ltr'>quadrato</span> <span class='ocrx_word' id='word_1_110' title='bbox 956 2380 1001 2430; x_wconf 82' lang='lat' dir='ltr'>ex</span> <span class='ocrx_word' id='word_1_111' title='bbox 1018 2358 1102 2446; x_wconf 85' lang='lat' dir='ltr'>AD,</span> <span class='ocrx_word' id='word_1_112' title='bbox 1133 2376 1205 2425; x_wconf 86' lang='lat' dir='ltr'>una</span> <span class='ocrx_word' id='word_1_113' title='bbox 1230 2377 1316 2426; x_wconf 89' lang='lat' dir='ltr'>cum</span> <span class='ocrx_word' id='word_1_114' title='bbox 1341 2357 1514 2447; x_wconf 81' lang='lat' dir='ltr'>quadratu</span> 
     </span>
     <span class='ocr_line' id='line_1_15' title="bbox 201 2455 1515 2565; baseline 0 -25"><span class='ocrx_word' id='word_1_115' title='bbox 201 2489 250 2540; x_wconf 82' lang='lat' dir='ltr'>ex</span> <span class='ocrx_word' id='word_1_116' title='bbox 273 2463 361 2541; x_wconf 72' lang='lat' dir='ltr'>Au:</span> <span class='ocrx_word' id='word_1_117' title='bbox 395 2487 481 2540; x_wconf 82' lang='lat' dir='ltr'>nam</span> <span class='ocrx_word' id='word_1_118' title='bbox 507 2465 679 2559; x_wconf 87' lang='lat' dir='ltr'>quadrata</span> <span class='ocrx_word' id='word_1_119' title='bbox 711 2487 757 2536; x_wconf 86' lang='lat' dir='ltr'>ex</span> <span class='ocrx_word' id='word_1_120' title='bbox 783 2465 847 2535; x_wconf 91' lang='lat' dir='ltr'>AB</span> <span class='ocrx_word' id='word_1_121' title='bbox 869 2467 907 2538; x_wconf 78' lang='grc' dir='ltr'>δι</span> <span class='ocrx_word' id='word_1_122' title='bbox 935 2463 997 2538; x_wconf 87' lang='lat' dir='ltr'>BE</span> <span class='ocrx_word' id='word_1_123' title='bbox 1022 2464 1112 2558; x_wconf 77' lang='lat' dir='ltr'>(slve</span> <span class='ocrx_word' id='word_1_124' title='bbox 1137 2457 1218 2550; x_wconf 89' lang='lat' dir='ltr'>BD)</span> <span class='ocrx_word' id='word_1_125' title='bbox 1245 2455 1353 2536; x_wconf 82' lang='lat' dir='ltr'>semel</span> <span class='ocrx_word' id='word_1_126' title='bbox 1375 2465 1515 2565; x_wconf 82' lang='lat' dir='ltr'>sumpta</span> 
     </span>
     <span class='ocr_line' id='line_1_16' title="bbox 200 2567 1514 2674; baseline -0.002 -21"><span class='ocrx_word' id='word_1_127' title='bbox 200 2595 393 2674; x_wconf 82' lang='lat' dir='ltr'>aequantur</span> <span class='ocrx_word' id='word_1_128' title='bbox 415 2573 623 2673; x_wconf 82' lang='lat' dir='ltr'>rectangulo</span> <span class='ocrx_word' id='word_1_129' title='bbox 645 2567 756 2666; x_wconf 87' lang='lat' dir='ltr'>(ABE</span> <span class='ocrx_word' id='word_1_130' title='bbox 767 2569 822 2644; x_wconf 86' lang='lat' dir='ltr'>bis</span> <span class='ocrx_word' id='word_1_131' title='bbox 835 2567 922 2661; x_wconf 87' lang='lat' dir='ltr'>five)</span> <span class='ocrx_word' id='word_1_132' title='bbox 943 2571 1047 2646; x_wconf 89' lang='lat' dir='ltr'>ABD</span> <span class='ocrx_word' id='word_1_133' title='bbox 1067 2573 1134 2664; x_wconf 84' lang='lat' dir='ltr'>bis,</span> <span class='ocrx_word' id='word_1_134' title='bbox 1149 2592 1222 2662; x_wconf 79' lang='lat' dir='ltr'>um</span> <span class='ocrx_word' id='word_1_135' title='bbox 1241 2595 1326 2648; x_wconf 90' lang='lat' dir='ltr'>cum</span> <span class='ocrx_word' id='word_1_136' title='bbox 1341 2575 1514 2666; x_wconf 85' lang='lat' dir='ltr'>quadrato</span> 
     </span>
     <span class='ocr_line' id='line_1_17' title="bbox 202 2677 1515 2786; baseline -0.005 -19"><span class='ocrx_word' id='word_1_137' title='bbox 202 2717 251 2767; x_wconf 87' lang='lat' dir='ltr'>ex</span> <span class='ocrx_word' id='word_1_138' title='bbox 272 2689 338 2766; x_wconf 84' lang='grc' dir='ltr'>ΑΕ</span> <span class='ocrx_word' id='word_1_139' title='bbox 363 2698 413 2786; x_wconf 83' lang='grc'>(7.</span> <span class='ocrx_word' id='word_1_140' title='bbox 432 2691 484 2785; x_wconf 82' lang='lat' dir='ltr'>a.)</span> <span class='ocrx_word' id='word_1_141' title='bbox 503 2711 589 2784; x_wconf 88' lang='lat' dir='ltr'>ergo</span> <span class='ocrx_word' id='word_1_142' title='bbox 607 2683 779 2779; x_wconf 81' lang='lat' dir='ltr'>quadrata</span> <span class='ocrx_word' id='word_1_143' title='bbox 795 2705 840 2756; x_wconf 87' lang='lat' dir='ltr'>ex</span> <span class='ocrx_word' id='word_1_144' title='bbox 857 2679 935 2773; x_wconf 85' lang='grc' dir='ltr'>ΑΒ,</span> <span class='ocrx_word' id='word_1_145' title='bbox 963 2687 1002 2759; x_wconf 77' lang='grc' dir='ltr'>δι</span> <span class='ocrx_word' id='word_1_146' title='bbox 1023 2677 1092 2753; x_wconf 84' lang='lat' dir='ltr'>BD</span> <span class='ocrx_word' id='word_1_147' title='bbox 1110 2679 1165 2754; x_wconf 88' lang='lat' dir='ltr'>bis</span> <span class='ocrx_word' id='word_1_148' title='bbox 1179 2679 1318 2776; x_wconf 87' lang='lat' dir='ltr'>sumpta</span> <span class='ocrx_word' id='word_1_149' title='bbox 1330 2700 1515 2778; x_wconf 79' lang='lat' dir='ltr'>aquantur</span> 
     </span>
     <span class='ocr_line' id='line_1_18' title="bbox 198 2789 1512 2896; baseline -0.015 -20"><span class='ocrx_word' id='word_1_150' title='bbox 198 2801 406 2896; x_wconf 83' lang='lat' dir='ltr'>rectanguio</span> <span class='ocrx_word' id='word_1_151' title='bbox 422 2799 524 2872; x_wconf 86' lang='lat' dir='ltr'>ABD</span> <span class='ocrx_word' id='word_1_152' title='bbox 539 2798 595 2868; x_wconf 88' lang='lat' dir='ltr'>bis</span> <span class='ocrx_word' id='word_1_153' title='bbox 611 2792 842 2886; x_wconf 81' lang='lat' dir='ltr'>&amp;quadratis</span> <span class='ocrx_word' id='word_1_154' title='bbox 860 2815 906 2861; x_wconf 85' lang='lat' dir='ltr'>ex</span> <span class='ocrx_word' id='word_1_155' title='bbox 921 2791 997 2882; x_wconf 87' lang='lat' dir='ltr'>AB,</span> <span class='ocrx_word' id='word_1_156' title='bbox 1012 2789 1090 2882; x_wconf 92' lang='lat' dir='ltr'>BD,</span> <span class='ocrx_word' id='word_1_157' title='bbox 1108 2797 1145 2866; x_wconf 79' lang='lat' dir='ltr'>dt</span> <span class='ocrx_word' id='word_1_158' title='bbox 1160 2789 1237 2883; x_wconf 82' lang='grc' dir='ltr'>ΑΕ,</span> <span class='ocrx_word' id='word_1_159' title='bbox 1254 2791 1322 2866; x_wconf 91' lang='lat' dir='ltr'>hoc</span> <span class='ocrx_word' id='word_1_160' title='bbox 1337 2795 1399 2886; x_wconf 85' lang='lat' dir='ltr'>est,</span> <span class='ocrx_word' id='word_1_161' title='bbox 1424 2820 1512 2894; x_wconf 69' lang='lat' dir='ltr'>qua.</span> 
     </span>
    </p>
   </div>
   <div class='ocr_carea' id='block_1_7' title="bbox 200 2900 1514 3130">
    <p class='ocr_par' dir='ltr' id='par_1_9' title="bbox 200 2900 1514 3130">
     <span class='ocr_line' id='line_1_19' title="bbox 203 2900 1514 3018; baseline -0.002 -29"><span class='ocrx_word' id='word_1_162' title='bbox 203 2917 308 2990; x_wconf 87' lang='lat' dir='ltr'>drato</span> <span class='ocrx_word' id='word_1_163' title='bbox 330 2935 375 2988; x_wconf 84' lang='lat' dir='ltr'>ex</span> <span class='ocrx_word' id='word_1_164' title='bbox 389 2909 464 2986; x_wconf 88' lang='lat' dir='ltr'>AD</span> <span class='ocrx_word' id='word_1_165' title='bbox 486 2909 541 3006; x_wconf 80' lang='lat'>(4.</span> <span class='ocrx_word' id='word_1_166' title='bbox 559 2910 607 2998; x_wconf 83' lang='lat' dir='ltr'>a.)</span> <span class='ocrx_word' id='word_1_167' title='bbox 636 2926 812 2978; x_wconf 87' lang='lat' dir='ltr'>unacum</span> <span class='ocrx_word' id='word_1_168' title='bbox 835 2901 1007 3001; x_wconf 81' lang='lat' dir='ltr'>quadrato</span> <span class='ocrx_word' id='word_1_169' title='bbox 1025 2928 1075 3018; x_wconf 79' lang='grc' dir='ltr'>Ιιιι</span> <span class='ocrx_word' id='word_1_170' title='bbox 1097 2900 1182 2980; x_wconf 86' lang='lat' dir='ltr'>AE:</span> <span class='ocrx_word' id='word_1_171' title='bbox 1209 2925 1293 2999; x_wconf 84' lang='lat' dir='ltr'>ergo</span> <span class='ocrx_word' id='word_1_172' title='bbox 1308 2906 1418 3002; x_wconf 89' lang='lat' dir='ltr'>liquet</span> <span class='ocrx_word' id='word_1_173' title='bbox 1431 2933 1514 3010; x_wconf 60' lang='lat' dir='ltr'>pro:</span> 
     </span>
     <span class='ocr_line' id='line_1_20' title="bbox 200 3027 367 3130; baseline 0.012 -26"><span class='ocrx_word' id='word_1_174' title='bbox 200 3027 367 3130; x_wconf 76' lang='lat' dir='ltr'>positum.</span> 
     </span>
    </p>
   </div>
   <div class='ocr_carea' id='block_1_8' title="bbox 190 3189 1609 3558">
    <p class='ocr_par' dir='ltr' id='par_1_10' title="bbox 190 3189 1609 3530">
     <span class='ocr_line' id='line_1_21' title="bbox 251 3189 1512 3322; baseline -0.008 -42"><span class='ocrx_word' id='word_1_175' title='bbox 251 3203 352 3282; x_wconf 77' lang='lat' dir='ltr'>Cor.</span> <span class='ocrx_word' id='word_1_176' title='bbox 397 3203 509 3292; x_wconf 85' lang='lat' dir='ltr'>Hinc,</span> <span class='ocrx_word' id='word_1_177' title='bbox 537 3213 634 3298; x_wconf 84' lang='lat' dir='ltr'>patet</span> <span class='ocrx_word' id='word_1_178' title='bbox 649 3199 747 3296; x_wconf 91' lang='lat' dir='ltr'>quod</span> <span class='ocrx_word' id='word_1_179' title='bbox 773 3197 911 3273; x_wconf 87' lang='lat' dir='ltr'>summa</span> <span class='ocrx_word' id='word_1_180' title='bbox 940 3193 1131 3294; x_wconf 82' lang='lat' dir='ltr'>aequalium</span> <span class='ocrx_word' id='word_1_181' title='bbox 1159 3189 1429 3322; x_wconf 78' lang='lat' dir='ltr'>conjugatarum</span> <span class='ocrx_word' id='word_1_182' title='bbox 1460 3195 1512 3270; x_wconf 87' lang='lat' dir='ltr'>est</span> 
     </span>
     <span class='ocr_line' id='line_1_22' title="bbox 199 3305 1609 3415; baseline -0.014 -23"><span class='ocrx_word' id='word_1_183' title='bbox 199 3315 325 3415; x_wconf 84' lang='lat' dir='ltr'>major,</span> <span class='ocrx_word' id='word_1_184' title='bbox 349 3314 549 3391; x_wconf 84' lang='lat' dir='ltr'>&amp;summa</span> <span class='ocrx_word' id='word_1_185' title='bbox 573 3311 694 3385; x_wconf 82' lang='lat' dir='ltr'>axium</span> <span class='ocrx_word' id='word_1_186' title='bbox 711 3308 840 3400; x_wconf 85' lang='lat' dir='ltr'>minor,</span> <span class='ocrx_word' id='word_1_187' title='bbox 868 3307 1007 3380; x_wconf 91' lang='lat' dir='ltr'>summa</span> <span class='ocrx_word' id='word_1_188' title='bbox 1022 3307 1172 3380; x_wconf 88' lang='lat' dir='ltr'>aliarum</span> <span class='ocrx_word' id='word_1_189' title='bbox 1199 3305 1406 3401; x_wconf 81' lang='lat' dir='ltr'>quarumvis</span> <span class='ocrx_word' id='word_1_190' title='bbox 1427 3323 1513 3376; x_wconf 80' lang='lat' dir='ltr'>uon-</span> <span class='ocrx_word' id='word_1_191' title='bbox 1602 3377 1609 3384; x_wconf 68' lang='grc'>,</span> 
     </span>
     <span class='ocr_line' id='line_1_23' title="bbox 190 3411 1510 3558; baseline -0.014 -53"><span class='ocrx_word' id='word_1_192' title='bbox 190 3429 424 3558; x_wconf 67' lang='lat' dir='ltr'>jugatum,</span> <span class='ocrx_word' id='word_1_193' title='bbox 451 3423 501 3500; x_wconf 91' lang='lat' dir='ltr'>est</span> <span class='ocrx_word' id='word_1_194' title='bbox 521 3423 619 3498; x_wconf 90' lang='lat' dir='ltr'>enim</span> <span class='ocrx_word' id='word_1_195' title='bbox 635 3417 864 3494; x_wconf 86' lang='lat' dir='ltr'>differentia</span> <span class='ocrx_word' id='word_1_196' title='bbox 855 3431 1046 3493; x_wconf 72' lang='lat' dir='ltr'>interutras</span> <span class='ocrx_word' id='word_1_197' title='bbox 1068 3411 1181 3512; x_wconf 87' lang='lat' dir='ltr'>major</span> <span class='ocrx_word' id='word_1_198' title='bbox 1216 3435 1329 3514; x_wconf 85' lang='lat' dir='ltr'>quam</span> <span class='ocrx_word' id='word_1_199' title='bbox 1343 3413 1510 3502; x_wconf 72' lang='lat' dir='ltr'>differem⁴</span> 
     </span>
    </p>
   </div>
   <div class='ocr_carea' id='block_1_9' title="bbox 206 3526 1444 3644">
    <p class='ocr_par' dir='ltr' id='par_1_11' title="bbox 206 3526 1444 3644">
     <span class='ocr_line' id='line_1_24' title="bbox 206 3526 1444 3644; baseline -0.009 -25"><span class='ocrx_word' id='word_1_200' title='bbox 206 3543 258 3628; x_wconf 82' lang='lat' dir='ltr'>tia</span> <span class='ocrx_word' id='word_1_201' title='bbox 286 3541 377 3617; x_wconf 87' lang='lat' dir='ltr'>inter</span> <span class='ocrx_word' id='word_1_202' title='bbox 398 3539 488 3618; x_wconf 76' lang='lat' dir='ltr'>duas</span> <span class='ocrx_word' id='word_1_203' title='bbox 505 3537 588 3614; x_wconf 82' lang='lat' dir='ltr'>alias</span> <span class='ocrx_word' id='word_1_204' title='bbox 602 3559 668 3613; x_wconf 86' lang='lat' dir='ltr'>con</span> <span class='ocrx_word' id='word_1_205' title='bbox 660 3533 819 3644; x_wconf 82' lang='lat' dir='ltr'>jugatas,</span> <span class='ocrx_word' id='word_1_206' title='bbox 844 3549 885 3610; x_wconf 91' lang='lat' dir='ltr'>ut</span> <span class='ocrx_word' id='word_1_207' title='bbox 911 3547 1011 3634; x_wconf 83' lang='lat' dir='ltr'>patet</span> <span class='ocrx_word' id='word_1_208' title='bbox 1029 3555 1075 3609; x_wconf 83' lang='lat' dir='ltr'>ex</span> <span class='ocrx_word' id='word_1_209' title='bbox 1089 3526 1192 3630; x_wconf 88' lang='lat' dir='ltr'>Prop.</span> <span class='ocrx_word' id='word_1_210' title='bbox 1216 3535 1256 3609; x_wconf 88' lang='grc'><strong>8</strong></span> <span class='ocrx_word' id='word_1_211' title='bbox 1280 3528 1340 3608; x_wconf 88' lang='lat' dir='ltr'>lib</span> <span class='ocrx_word' id='word_1_212' title='bbox 1363 3551 1444 3611; x_wconf 83' lang='lat' dir='ltr'>a.-</span> 
     </span>
    </p>
   </div>
   <div class='ocr_carea' id='block_1_10' title="bbox 0 0 2082 5474">
    <p class='ocr_par' dir='ltr' id='par_1_12' title="bbox 0 0 2082 5474">
     <span class='ocr_line' id='line_1_25' title="bbox 0 0 2082 5474; baseline 0 0"><span class='ocrx_word' id='word_1_213' title='bbox 0 0 2082 5474; x_wconf 95' lang='lat' dir='ltr'> </span> 
     </span>
    </p>
   </div>
  </div>
 </body>
</html>
