4134 5460
424 415 1067 563 &monumentorum
1106 443 1233 567 Lib
1259 449 1304 566 Ι.
1442 441 1474 606 3
1483 491 1518 614 ς

215 641 343 728 biseeat
360 643 505 730 bafim'
496 671 533 719 rn
558 648 604 738 Ο,
631 649 753 720 eadem
770 644 934 720 bisecabit
951 666 1085 721 rectam
1097 649 1172 724 AD
1189 649 1258 724 basi
1275 651 1501 761 parallelam'
1492 677 1530 730 rn

216 755 272 847 X;
293 779 384 856 ergo
404 743 627 856 segmentum
649 757 722 832 DX
745 751 795 832 est
821 753 970 856 aequale
978 761 1159 859 segmento
1188 759 1272 856 Ax,
1298 765 1365 838 hoc
1381 767 1441 858 est,
1467 759 1554 863 ipfi

213 871 294 966 ΒΧ,
321 875 418 974 quod
442 875 516 950 fieri
542 875 687 973 nequit;
723 897 808 978 ergo
832 875 929 953 nulla
954 897 1048 953 reeta
1074 899 1136 976 per
1155 895 1332 977 punctum
1362 881 1398 954 0
1426 882 1554 956 ducta¹
1694 837 1699 872 ἱ

214 1005 344 1087 praeter
359 991 465 1087 ipsam
477 986 542 1062 ΡΟ
556 993 606 1066 est
620 991 793 1068 diameter
809 991 977 1068 sectionis.
1030 989 1142 1094 QE.
1168 990 1213 1086 D.
1529 1009 1533 1025 ·

271 1187 375 1262 Coa.
391 1187 417 1261 Ι.
444 1186 491 1261 Ει
506 1203 650 1265 contrat
675 1187 798 1263 fiduae
812 1181 917 1263 tectae
932 1181 1123 1262 sectionem
1145 1187 1308 1264 oonieam
1330 1189 1398 1264 vel·
1406 1191 1535 1268 sectio·

212 1285 277 1376 nes
293 1283 475 1420 oppositae
482 1304 740 1400 comingentee
757 1299 821 1378 sibi
847 1301 1000 1378 inuitem
1025 1321 1229 1392 occurrant;
1252 1303 1422 1378 diameter
1436 1301 1536 1384 bise

213 1419 301 1489 eane
317 1399 533 1512 jungentem
552 1423 734 1492 ooniactus
764 1407 922 1490 transibit
948 1429 1012 1514 pet
1039 1417 1223 1490 ooeursum
1236 1417 1535 1513 monogamiam

214 1526 326 1602 Nam
337 1529 440 1601 unica
455 1530 626 1604 diameter
644 1523 793 1604 bisecare
808 1528 946 1628 potest
929 1545 1147 1628 jungentem
1160 1535 1356 1620 oonttcmi,
1380 1534 1419 1606 δι
1437 1546 1535 1611 rocta

212 1638 394 1716 bisecans
376 1661 593 1742 jungentem
606 1659 788 1719 oontaetus
802 1640 842 1716 dt
855 1640 1023 1718 nanmns
1040 1664 1104 1741 per
1122 1645 1306 1720 occmsum
1323 1643 1532 1741 contingen·¹

213 1759 308 1871 tium
322 1761 578 1893 estdiameter;
600 1785 688 1859 ergo
703 1761 838 1884 constat
854 1759 1099 1844 Corollarium.
1247 1815 1251 1832 ,

222 1941 355 2040 Con
367 1941 424 2027 11
449 1883 547 2020 Hine
571 1912 688 2042 patet,
710 1946 806 2040 quod
821 1943 845 2020 fi
858 1945 938 2022 duae
954 1931 1059 2020 reete
1069 1879 1335 2050 contingentes
1321 1937 1534 2055 sectionem‘

214 2053 422 2146 tonicam,
421 2055 488 2130 vel
514 2057 682 2136 sectiones
702 2055 901 2150 oppositas
897 2037 1007 2132 nbi
999 2058 1154 2130 invicem
1180 2069 1376 2141 occurrant,
1412 2076 1535 2143 earum

213 2169 377 2246 occursus
403 2169 471 2239 erit
495 2168 540 2239 ad
566 2167 782 2241 diametrum
806 2190 887 2262 quae
901 2166 1064 2242 bifariam
1092 2169 1182 2240 secet
1205 2161 1422 2262 jungentem
1446 2190 1533 2263 cong

216 2293 401 2359 tactua.

264 2459 360 2534 Coa.
377 2456 440 2537 ΠΙ.
463 2457 575 2554 Hinc,
600 2471 671 2536 tres
696 2473 798 2539 recte
815 2459 1060 2562 contingentes
1079 2455 1271 2536 sectionem
1285 2460 1343 2536 ve'i
1353 2443 1531 2538 sectiondt'

213 2573 333 2678 oppos
322 2593 401 2670 tar
413 2575 468 2702 in
482 2600 555 2652 uno
567 2585 702 2706 p'uneto
716 2587 898 2706 occurrere
909 2573 1002 2651 fibi
993 2579 1153 2650 inuicem
1134 2587 1408 2716 nequeunt.
1496 2669 1500 2678 Ι
1523 2592 1533 2679 j

263 2759 363 2834 Nam
376 2750 402 2833 sr
417 2759 563 2859 positum
586 2759 760 2835 ducantur
783 2763 865 2837 dua
887 2704 994 2836 rootae
1012 2759 1208 2860 jrmgentea‘
1218 2783 1334 2838 unum
1352 2726 1529 2858 puoettrm

213 2889 398 2949 contaetus
422 2897 508 2946 cum
530 2871 670 2944 duobus
697 2874 861 2967 reliquia·
885 2893 975 2946 tum
983 2884 1062 2967 (per
1087 2873 1171 2947 Cor.
1199 2878 1246 2960 ι.)
1270 2875 1351 2951 dnae
1365 2871 1532 2953 diametri

215 2991 286 3068 has
297 3007 406 3065 rectas
422 2985 611 3061 bisecantes
622 3001 847 3065 occurrerent
862 2981 953 3062 nbi
944 2988 1099 3074 invicem
1109 2987 1147 3061 in
1161 2986 1306 3068 occursu
1322 2988 1531 3082 contingen·¹

214 3108 319 3198 tium,
345 3104 441 3202 quod
454 3101 531 3178 fieri
549 3102 686 3198 nequit.
733 3101 833 3176 Nam
849 3099 875 3186 n
893 3102 998 3178 sectro
1010 3101 1052 3178 st
1064 3099 1250 3194 Paraboia
1263 3101 1427 3181 drametrr
1438 3125 1530 3178 nun

213 3244 327 3318 quam
346 3234 540 3346 occurrent,
574 3219 612 3289 δι
629 3215 792 3288 diametri
809 3215 977 3314 Ellipsoos
987 3233 1049 3288 aut
1063 3190 1282 3311 Hyperboiae
1307 3215 1529 3288 solummodo

213 3347 406 3407 occurrunt
429 3321 465 3403 in
487 3339 620 3420 centro,
641 3347 704 3424 per
716 3327 819 3424 quod
841 3325 938 3400 nulla
958 3325 1078 3402 ffanfit
1093 3329 1302 3426 contingens
1317 3327 1439 3425 Cor.4
1441 3349 1528 3408 aa„

215 3445 329 3548 hanua

601 3639 1080 3752 ‘'raonxxvn.
1186 3715 1190 3725 ·
1313 3722 1316 3730 .
1413 3718 1417 3732 2

219 3838 320 3920 Duae
348 3833 524 3916 diametri
551 3830 736 3944 Ellipseos
767 3847 833 3912 aut
870 3830 1120 3943 Hyperbolae,
1167 3859 1332 3942 quarum
1366 3859 1444 3914 una
1465 3811 1529 3920 'fit

275 3961 451 4076 parallelo
481 3962 591 4046 rectia
622 3959 729 4043 alteri
753 3956 960 4043 ordinatim
991 3959 1197 4071 applicatis,
1232 3960 1320 4045 sunt
1350 3958 1527 4048 diametri

274 4092 492 4202 conjugata.

850 4351 930 4433 Ea
1423 4351 1527 4430 stT
