4156 5474
603 487 724 603 174
805 439 1101 568 samonam
1129 447 1443 568 Conicarum
1470 447 1597 570 Lib.
1629 452 1707 567 V.

926 863 928 866 v
1066 755 1275 835 PROR
1338 758 1390 835 W

401 936 469 995 1⁷¹⁰·
485 938 513 1006 a,
527 950 557 1018 9,
594 943 638 1021 In
654 941 837 1024 diametro
854 941 1022 1026 iectionis
1040 947 1181 1028 conicae
1200 945 1280 1024 DR
1293 943 1487 1042 sumantur
1498 944 1576 1025 duo
1595 955 1737 1053 puncta
1754 940 1805 1040 A,
1819 938 1866 1035 B,

405 1033 450 1085 ω’
464 1031 493 1074 ¹¹
514 1033 557 1078 η’
648 1069 715 1173 (ad
736 1067 892 1148 diversas
907 1087 1028 1177 partes
1047 1070 1165 1148 centri
1188 1069 1216 1146 fi
1249 1067 1361 1149 fuerit
1394 1072 1472 1148 DR
1496 1069 1680 1148 diameter
1710 1065 1869 1146 secunda

648 1193 893 1302 Hyperbolae,
923 1193 1025 1274 secus
1045 1195 1091 1272 ad
1108 1193 1274 1296 easdem)
1295 1195 1345 1275 ita
1362 1213 1405 1274 ut
1423 1194 1464 1272 in
1482 1195 1613 1302 Ellipst
1628 1211 1693 1274 aut
1712 1195 1871 1302 Hyper·

644 1315 743 1412 bola,
774 1313 1047 1397 semidiameter
1064 1319 1139 1397 CD
1164 1317 1288 1398 media
1313 1319 1357 1398 fit
1368 1317 1652 1428 proportionalis
1671 1316 1766 1393 inter
1778 1315 1870 1410 CA,

642 1441 723 1544 CB,
742 1441 928 1522 distantias
947 1461 1178 1552 punctorum
1191 1471 1213 1521 a
1228 1461 1358 1523 centro
1378 1443 1414 1522 C
1430 1480 1442 1535 3
1471 1443 1509 1520 in
1528 1441 1706 1523 Parabola
1720 1467 1811 1518 vero
1828 1455 1872 1550 ut

612 1661 616 1672 l
641 1564 735 1660 DA,
763 1567 835 1646 DB
861 1567 1040 1649 distantiae
1065 1587 1296 1678 punctorum
1323 1565 1499 1646 avertice
1530 1567 1570 1644 D
1599 1565 1677 1644 'fint
1705 1563 1803 1641 inter
1832 1563 1871 1640 se

639 1690 825 1794 aequales;
856 1693 895 1768 dc
912 1720 980 1797 per
993 1693 1076 1774 haec
1089 1714 1230 1800 puncta
1249 1697 1299 1786 A,
1318 1689 1673 1770 Bducantur're'ctae
1689 1691 1780 1782 AT,
1796 1689 1876 1788 BQ

634 1810 819 1920 paraleilae
841 1813 1044 1894 ordinatim
1062 1816 1252 1922 applicatis
1271 1817 1456 1893 diametro
1474 1817 1577 1892 DR:
1597 1817 1625 1893 fi
1644 1807 1718 1921 'per
1732 1813 1872 1892 alteru-

636 1955 746 2017 trum*
754 1955 985 2047 punctorum
1003 1939 1042 2018 A
1060 1939 1120 2016 vel
1134 1941 1178 2030 B,
1193 1955 1284 2044 puta
1303 1942 1347 2028 B,
1373 1937 1532 2016 ducatur
1546 1955 1647 2018 recta
1664 1940 1870 2022 sectionem

636 2059 697 2138 vel
723 2060 901 2166 sectiones
929 2061 1116 2170 oppofitas
1140 2059 1264 2138 secans
1291 2057 1330 2136 in
1354 2054 1502 2134 duobus
1527 2059 1678 2164 punctis
1697 2063 1735 2137 Ο
1754 2066 1794 2141 &
1811 2067 1866 2161 P;

633 2186 719 2279 FO,
754 2189 832 2280 FP,
861 2214 947 2294 quae
982 2187 1022 2264 in
1056 2187 1131 2267 istis
1164 2181 1313 2291 punctis
1344 2179 1561 2279 sectionem,
1600 2181 1662 2261 vel
1690 2184 1866 2272 sectiones

633 2310 871 2411 contingunt,
916 2295 1027 2386 erint
1065 2307 1124 2386 vel
1166 2305 1352 2412 parallelae
1384 2321 1493 2384 rectae
1530 2307 1623 2402 AT,
1667 2337 1735 2417 per
1773 2314 1866 2393 alte-

634 2453 722 2508 rum
743 2445 930 2535 punctum
949 2428 988 2506 A
1007 2427 1142 2522 ductae,
1164 2425 1232 2506 ¹vel
1257 2425 1305 2505 ad
1329 2424 1439 2507 istam
1457 2445 1600 2512 rectam
1617 2429 1683 2512 fibi
1700 2433 1863 2516 invicem

639 2569 851 2634 occurrent.
1584 2571 1586 2576 ’

646 2759 662 2832 Ι
685 2759 800 2832 secans
809 2781 870 2854 per
881 2759 909 2830 B
922 2759 1028 2832 ducta
1042 2755 1221 2830 ‘coincidet
1231 2777 1316 2828 cum
1328 2755 1501 2833 diametro
1525 2757 1609 2853 DR,
1624 2765 1865 2859 patetcontin-

662 2888 782 2964 gentes
798 2893 859 2965 per
875 2873 1021 2944 vertices
1039 2865 1110 2962 ejus
1125 2869 1248 2940 ductas
1264 2867 1328 2941 effe
1343 2871 1523 2965 paralellae
1547 2889 1652 2945 rectae
1667 2873 1752 2967 AT,
1784 2877 1881 2970 quia*

570 2983 649 3056 sunt
659 2981 831 3076 ¹parallelae
843 2981 1034 3056 ordinatim
1047 2979 1227 3078 applicatis
1238 2981 1412 3054 diametro
1428 2981 1509 3054 DR.

619 3109 654 3182 Si
678 3131 762 3178 vero
788 3123 960 3198 punctum
982 3101 1012 3174 Β
1037 3103 1078 3178 stt
1102 3107 1192 3178 intra
1215 3107 1413 3198 sectionem,
1442 3105 1499 3178 vel
1530 3105 1619 3182 inter
1638 3106 1868 3208 Hyperbolas

571 3229 608 3299 dc
631 3221 746 3294 secans
765 3219 937 3291 coincidet
951 3241 1035 3294 eum
1060 3219 1128 3312 ipsa
1142 3217 1271 3312 BQ&
1296 3237 1454 3294 occurrat
1478 3219 1617 3293 sectioni
1641 3225 1698 3298 vel
1723 3231 1866 3326 utrique

568 3335 706 3410 sectioni
734 3335 771 3405 in
794 3329 956 3434 Q&JS,
982 3347 1078 3426 patet
1104 3351 1293 3428 coagentes
1318 3356 1380 3429 pet
1397 3334 1497 3426 Q&
1524 3333 1546 3404 S
1571 3335 1708 3428 ductas,
1727 3335 1791 3413 fibi
1813 3344 1863 3416 in·

568 3449 684 3519 vicem
709 3467 888 3518 occurrere
907 3444 942 3516 in
957 3441 1037 3537 ‘ipso
1046 3459 1182 3538 puncto
1197 3443 1242 3528 A,
1268 3434 1354 3533 quia
1370 3444 1446 3516 seiz.
1462 3442 1499 3514 in
1516 3441 1633 3540 Ellipfi
1647 3449 1703 3521 vel
1725 3451 1861 3550 Hypet-

569 3557 662 3641 bola,
688 3553 761 3639 CB,
773 3551 857 3638 CD,
873 3553 938 3622 CA
952 3549 1311 3644 sunt·pr0portionales
1327 3555 1364 3621 δι
1379 3551 1415 3618 in
1428 3553 1597 3623 Parabola
1607 3555 1692 3652 DA,
1706 3560 1770 3634 DB
1784 3563 1861 3642 sunt

567 3663 729 3759 aequaies.

606 3796 766 3870 Ducatur
781 3809 900 3866 autem
917 3789 1033 3864 secans
1048 3789 1122 3879 ΟΡ,
1137 3812 1215 3883 quae
1230 3813 1295 3862 nec
1309 3790 1483 3865 coincidat
1498 3817 1582 3866 cum
1599 3795 1769 3869 diametro
1784 3799 1859 3877 DR

564 3933 630 3983 nec
645 3931 727 3982 cum
742 3922 836 3978 recta
850 3903 1020 3994 BQtum
1031 3899 1273 3994 contingentes
1289 3922 1350 3997 pet
1365 3899 1402 3975 Ο
1412 3900 1451 3976 dt
1462 3903 1490 3976 Ρ
1500 3905 1613 3978 ducrae
1624 3905 1686 3978 fibi
1700 3906 1857 3984 invicem

564 4019 690 4092 alicubi
705 4031 888 4090 occurrent
902 4029 943 4085 ut
957 4013 993 4083 in
1019 4009 1049 4082 F
1064 4046 1075 4096 ;
1093 4031 1155 4105 pet
1177 4011 1389 4106 punctumF
1400 4014 1549 4088 ducatur
1562 4016 1733 4090 diameter
1762 4018 1858 4093 CEF

563 4129 671 4226 ipsam
685 4125 746 4202 ΟΡ
770 4123 933 4202 bifariam
951 4121 1066 4196 secane
1077 4119 1115 4212 ¹in
1131 4120 1166 4194 G
1190 4122 1264 4214 (26.
1283 4121 1343 4201 lib.
1361 4125 1412 4220 1.)
1425 4147 1445 4197 a
1459 4129 1497 4200 ὅτ
1510 4147 1642 4222 puncto
1657 4128 1707 4224 D,
1726 4130 1857 4205 vertice

802 4261 803 4264 ’
1693 4240 1856 4318 diametri
