4156 5474
191 485 194 495 ’
270 527 286 558 .
381 427 676 591 δεὲῗίοκιινκ
700 424 1015 546 Conicaram
1045 427 1173 571 Lib.
1199 430 1277 544 V.
1391 473 1464 590 19
1474 475 1506 586 3

259 699 354 778 Con.
382 704 408 778 1.
434 703 543 794 Hinc,
569 700 593 776 st
612 726 632 774 a
648 722 780 798 puncto
795 705 831 777 A
849 704 980 778 vertice
1001 703 1087 796 axis,
1112 703 1173 798 qui
1197 705 1232 778 in
1248 703 1364 800 Etlipfi
1380 711 1416 782 δι
1433 707 1511 804 Hy·

206 813 351 910 perbola
376 815 425 889 est
450 815 666 904 transversus,
692 834 842 912 ponatur
869 815 904 887 in
932 819 1059 888 axe&
1086 813 1175 887 intra
1197 815 1383 890 sectionem
1415 837 1509 893 recta

203 911 283 1014 ΑΡ,
309 948 380 998 non
397 924 506 1021 major
520 949 627 1022 quam
644 925 835 998 dimidium
850 924 954 1021 ipsius
970 923 1235 1022 ACparametri
1254 926 1406 1023 ejusdem
1422 928 1510 1018 axis,

206 1037 272 1108 erit
286 1035 350 1110 ΡΑ
366 1037 515 1110 minima
531 1039 692 1111 omnium
713 1053 899 1127 rectarum,
924 1059 1002 1132 quae
1018 1037 1063 1108 ab
1088 1038 1213 1110 eodem
1231 1057 1363 1133 puncto
1386 1037 1414 1110 P
1428 1039 1512 1113 duci

206 1149 344 1244 possunt
368 1153 413 1225 ad
439 1153 637 1227 sectionem.
689 1152 725 1227 Si
754 1175 839 1225 vero
868 1149 1043 1224 avertice
1071 1153 1145 1226 axis
1170 1153 1315 1226 minoris
1342 1151 1509 1247 Ellipseos

206 1281 358 1356 ponatur
378 1283 475 1339 recta
493 1265 569 1355 ΑΡ,
593 1287 665 1338 non
685 1263 800 1338 minor
814 1285 924 1358 quam
941 1263 1131 1336 dimidium
1152 1263 1339 1361 parametri
1355 1261 1509 1360 ejusdem

202 1376 289 1467 axis,
313 1379 380 1450 etit
395 1377 460 1452 ΡΑ
474 1373 630 1452 maxima
642 1378 805 1452 omnium
819 1393 1007 1466 rectarum,
1031 1400 1109 1471 quae
1123 1378 1169 1450 ab
1190 1377 1316 1450 eodem
1331 1381 1507 1472 punctoP

205 1483 287 1558 duci
311 1487 448 1583 poffunt
462 1489 506 1562 ad
522 1487 722 1562 sectionem.
772 1487 870 1560 Nam
893 1488 929 1560 in
945 1488 1060 1583 priore
1074 1487 1152 1560 casu
1174 1489 1343 1583 quoniam
1359 1487 1510 1562 circulus

205 1597 304 1672 radio
318 1599 381 1672 PA
394 1598 585 1696 descriptus
599 1623 670 1672 non
681 1599 776 1672 cadit
791 1618 889 1672 extra
903 1599 1074 1672 circulum
1089 1597 1200 1690 AEC,
1226 1600 1292 1672 erit
1306 1617 1400 1672 totus
1420 1600 1511 1673 intra

204 1709 417 1798 sectionem3
441 1713 669 1808 &quoniam
692 1711 750 1784 hic
772 1709 922 1784 circulus
949 1711 984 1784 in
1013 1710 1198 1805 posteriore
1216 1711 1293 1784 casu
1318 1733 1389 1784 non
1415 1712 1511 1786 cedit

206 1819 298 1894 intra
310 1823 483 1896 circulum
494 1825 589 1898 AEC
603 1825 669 1898 etit
679 1839 773 1898 totus
787 1840 885 1896 extra
894 1819 1093 1914 sectionem,
1105 1821 1200 1896 unde
1217 1821 1252 1894 in
1266 1839 1417 1916 utroque
1430 1826 1509 1898 casu

94 1998 98 2011 ,
205 1931 572 2032 constatproposttum.

254 2065 350 2135 Con.
376 2064 422 2134 11.
447 2062 558 2150 Hinc,
582 2061 608 2130 st
628 2061 664 2132 in
683 2061 744 2134 AB
763 2083 828 2132 axe
846 2059 1002 2134 sectionis
1017 2060 1146 2154 conicae
1160 2061 1239 2154 (qui
1256 2062 1291 2132 in
1314 2063 1432 2164 Etipfi
1447 2087 1508 2144 aut
1540 2099 1607 2160 tie.
1632 2119 1675 2172 2¹,

206 2171 415 2271 Hyperbola
436 2170 486 2244 est
511 2169 735 2268 transversus)
761 2165 1053 2270 detutpunctum
1068 2175 1096 2246 P
1111 2171 1209 2265 cujus
1223 2174 1420 2252 distantia-a
1434 2205 1512 2256 vet·
1627 2199 1676 2243 22·

205 2289 275 2362 tice
294 2283 455 2383 propiore
474 2283 548 2356 axis
566 2279 658 2357 Best
679 2281 790 2378 major
805 2283 953 2356 dimidio
969 2281 1072 2378 ipsius
1093 2287 1293 2378 parametri,
1319 2309 1416 2382 patet
1434 2315 1509 2365 me·
1532 2341 1539 2354 ·

205 2395 335 2468 thodus
355 2393 507 2466 ducendi
522 2407 652 2466 tectam
670 2409 836 2486 apuncto
857 2395 899 2480 P,
913 2413 994 2486 quae
1016 2390 1059 2463 stt
1077 2394 1227 2466 minima
1248 2399 1411 2472 omnium
1434 2425 1509 2477 rec-

205 2525 325 2582 tarum
341 2529 422 2602 quae
437 2503 484 2576 ab
510 2503 637 2576 eodem
662 2521 794 2597 puncto
815 2503 897 2574 duci
924 2501 1061 2602 possunt
1088 2503 1132 2573 ad
1157 2504 1346 2605 sectionem
1370 2513 1447 2592 seiz.
1462 2519 1508 2591 ad

205 2621 357 2696 eandem
369 2633 506 2715 partem
521 2613 604 2688 axis.

254 2748 351 2819 Cum
365 2743 470 2814 sectio
484 2739 525 2813 sit
536 2739 706 2812 Parabola
717 2755 868 2834 ponetur
884 2737 920 2810 in
933 2759 998 2812 axe
1011 2755 1107 2811 rectu
1119 2739 1200 2831 ΡΟ,ι
1212 2740 1330 2816 versuo
1339 2747 1510 2820 verticem

206 2860 282 2936 axis
302 2856 346 2948 B,
372 2855 515 2951 aequalie
538 2851 687 2926 dimidio
707 2850 897 2945 parcmetn
914 2852 1002 2940 exis,
1027 2857 1066 2925 ὅτ
1086 2875 1171 2926 cum
1193 2853 1299 2931 sectio
1314 2856 1357 2932 sit
1377 2859 1517 2957 Ellipfis

208 2989 270 3048 aut
281 2965 490 3066 Hyperbola
504 2983 654 3062 ponatur
670 2963 708 3038 in
722 2985 787 3038 axe
803 2979 958 3038 acentro
973 2961 1006 3036 C
1022 2980 1117 3038 tecta
1131 2963 1200 3040 CO
1212 2969 1332 3042 versus
1344 2974 1516 3046 verticem

207 3085 284 3160 axio
307 3082 336 3154 B
358 3081 407 3154 ita
420 3096 461 3152 ut
476 3077 542 3154 CO
558 3076 597 3154 stt
618 3076 662 3150 ad
677 3076 754 3166 ΡΟ,
778 3093 819 3150 ut
837 3075 913 3148 offis
928 3073 989 3152 AB
1004 3077 1048 3150 ad
1070 3075 1174 3172 ipfius
1196 3101 1448 3176 petametrum,
1474 3089 1512 3158 δι

208 3197 246 3270 in
261 3193 359 3268 omni
374 3188 514 3264 sectioni
530 3189 678 3294 ducatur
700 3211 763 3284 per
783 3205 958 3284 punctum
979 3188 1123 3273 Orecta
1136 3192 1193 3264 axi
1217 3196 1514 3290 perpendicularis

207 3303 349 3380 sectioni
363 3322 552 3400 occurrens
577 3298 614 3370 in
632 3296 681 3388 T,
698 3299 764 3370 orit
774 3297 907 3394 ¹juncta
923 3299 989 3374 PT
1006 3319 1101 3376 recta
1117 3303 1289 3378 ducenda.
1339 3303 1439 3380 Nam
1452 3327 1516 3401 per

207 3433 385 3516 punctum
409 3411 465 3516 T¹
479 3412 627 3484 ducatur
654 3428 749 3483 reeta
774 3411 962 3488 sectionem
982 3413 1206 3509 contingens,
1231 3417 1298 3490 erit
1322 3435 1420 3491 tecta
1450 3416 1516 3490 PT

208 3529 291 3602 huic
306 3523 525 3620 contingenti
552 3522 859 3618 perpendicularis,
884 3531 925 3597 'ut
941 3527 1074 3597 constat
1091 3549 1136 3597 ex
1159 3545 1246 3624 part.
1279 3553 1307 3605 1.
1332 3531 1434 3626 Ptop.
1456 3550 1514 3624 252

76 3627 79 3642 ’
172 3701 177 3712 .
209 3648 246 3719 δι
266 3645 374 3734 Prop.
391 3661 451 3728 24.
468 3635 528 3707 lib.
553 3624 692 3729 mergo
718 3655 813 3710 recta
840 3637 908 3710 PT
933 3637 983 3711 est
1003 3637 1156 3710 minima
1185 3657 1361 3713 tectarum
1388 3665 1467 3734 que
1493 3665 1515 3713 a

209 3769 342 3850 puncto
366 3743 492 3822 Pduci
510 3741 647 3839 possunt
671 3743 926 3820 adfectionem
954 3747 1032 3820 seiz.
1059 3749 1106 3820 ad
1122 3751 1272 3824 eandem
1286 3767 1427 3844 partem
1440 3749 1515 3824 axis

210 3891 273 3968 per
288 3866 368 3964 Cor.
390 3857 538 3956 1.Pt0p.
555 3879 618 3950 13.
634 3855 750 3955 hujus.

259 3991 343 4068 Fest
359 3993 394 4066 in
409 4012 474 4064 exe
485 3987 636 4084 secundo
650 3986 870 4086 Hyperbolae
878 3987 989 4096 detur
1005 4005 1179 4084 punctum
1191 3991 1249 4084 Q
1262 3991 1306 4068 ad
1318 3989 1513 4092 quemlibet
1573 4037 1576 4044 .

207 4105 411 4190 distantiam
423 4127 445 4178 a
457 4103 733 4202 centro-eidem
747 4100 1068 4288 prorgusbmethodo
1087 4103 1312 4184 ducendacst
1331 4099 1514 4322 τοοῑιξυζῗῑεΙ
