4134 5460
410 437 711 563 Senianum
733 443 1052 564 Conicarum
1089 447 1216 568 Lib.
1240 451 1285 568 1.
1418 475 1503 614 37

203 675 248 726 ex
275 649 340 722 CA
365 649 409 724 ad
433 651 649 758 quadratum
674 675 717 724 ex
739 650 812 742 CL,
840 654 878 724 ὅτ
901 673 964 749 per
988 651 1090 747 Prop.
1119 673 1177 745 32.
1204 653 1269 726 erit
1295 656 1509 748 quadratum
1584 729 1587 736 .

201 787 247 839 ex
270 765 334 860 (Ε
363 767 409 838 ad
432 767 602 860 quadrata
624 788 668 838 ex
684 765 757 856 PC,
773 765 849 837 MC
869 762 983 856 simul,
1009 782 1050 836 ut
1072 767 1288 859 quadratum
1311 794 1355 842 ex
1381 771 1441 843 CL
1460 775 1505 848 ad

201 883 416 974 quadratum
442 903 487 952 ex
512 879 608 953 CM:
647 901 732 976 ergo
759 904 804 952 ex
832 903 949 975 aequo,
985 879 1051 951 erit
1075 880 1320 978 rectanguium
1348 881 1436 958 F'PE
1463 886 1508 958 ad

200 995 374 1087 quadrata
387 1019 430 1066 ex
447 993 517 1083 PC,
532 991 611 1066 CM
624 989 740 1084 simul,
772 1009 813 1066 ut
841 993 1059 1086 quadratum
1073 1018 1118 1066 ex
1135 995 1200 1066 CA
1224 997 1270 1070 ad
1291 998 1507 1094 quadratum

198 1129 247 1178 ex
273 1107 369 1179 CM:
402 1107 482 1202 *pari
521 1105 655 1179 ratione
696 1107 763 1178 erit
791 1107 1004 1200 quadratum
1031 1128 1076 1178 ex
1111 1104 1338 1202 contingente
1365 1109 1430 1183 ΡΟ
1459 1109 1504 1183 ad

197 1220 367 1312 quadrata
392 1243 438 1292 ex
462 1221 537 1307 PC,
551 1219 630 1291 CM
654 1215 769 1311 simul,
799 1236 840 1292 ut
867 1219 1079 1316 quadratum
1120 1243 1165 1294 ex
1189 1221 1255 1295 CA
1286 1219 1331 1294 ad
1356 1223 1503 1318 quadra-

196 1348 338 1406 tumex
352 1332 441 1412 cM.
491 1331 541 1428 Q
561 1329 602 1404 E.
628 1330 674 1406 D.

653 1605 743 1686 PR
763 1605 801 1686 0
820 1605 865 1685 Ρ.
909 1605 1038 1686 XLII.

200 1731 239 1814 Si
272 1733 357 1818 duae
386 1755 498 1823 rectae
529 1737 597 1820 fibi
627 1737 791 1822 invicem
821 1741 894 1821 srnt
918 1739 1106 1852 parallelae
1133 1743 1173 1822 dt
1207 1742 1328 1826 ambae
1346 1747 1497 1830 contin·

251 1881 344 1970 gant
361 1882 427 1944 aut
451 1863 589 1962 secent,
621 1864 681 1944 vel
706 1893 840 1946 earum
858 1894 934 1946 una
952 1867 1161 1974 contingat,
1190 1869 1231 1946 dt
1253 1867 1368 1948 altera
1386 1871 1498 1967 secet,

247 1988 518 2097 Hyperbolum
536 1989 596 2072 vel
611 1991 854 2099 Hyperbolas
872 1991 1073 2099 opposrtas,
1104 1994 1145 2070 dt
1162 2009 1365 2069 occurrant
1390 2013 1499 2078 rectae

249 2113 463 2221 asymptotu
487 2115 700 2223 parallelae3
737 2115 918 2220 quadrata
941 2143 991 2192 ex
1018 2141 1151 2194 earum
1182 2113 1383 2220 segmentis
1400 2117 1499 2200 inter

248 2255 395 2318 rectam
413 2237 625 2346 asymptoto
643 2236 862 2346 parallesam
881 2237 921 2314 sc
942 2253 1149 2330 contactus,
1189 2235 1250 2316 vel
1281 2242 1499 2352 rectangula

247 2361 318 2442 sub
349 2387 479 2441 earum
504 2361 706 2470 segmentis
736 2363 835 2440 inter
855 2355 955 2438 hanc
976 2379 1132 2456 rectam,
1166 2362 1206 2440 dc
1226 2363 1496 2474 Hyperbolam

245 2489 305 2570 vel
334 2487 591 2602 Hyperbolas,
627 2504 741 2569 erunt
758 2487 856 2566 inter
882 2487 933 2582 se,
972 2503 1016 2565 ut
1034 2487 1232 2594 segmenta
1251 2489 1354 2570 istius
1386 2513 1496 2575 rectae

243 2615 459 2726 asymptoto
495 2611 681 2724 parellelae
713 2611 921 2720 intercepta
955 2609 1053 2688 inter
1090 2607 1186 2718 ipsas
1217 2609 1424 2719 parallelas,
1457 2618 1497 2697 dc

244 2762 436 2853 punctum
463 2741 505 2821 in
533 2769 613 2850 quo
639 2739 707 2820 ista
725 2757 826 2821 reeta
843 2736 1009 2819 occurrit
1027 2735 1094 2817 uni
1112 2765 1161 2818 ex
1180 2739 1427 2849 Hyperbolis.

308 2950 398 3024 AM
429 2955 508 3043 (per
521 2945 602 3022 Cor,
630 2965 659 3018 1.
680 2948 719 3018 ὅτ
744 2969 775 3040 3.
795 2939 880 3016 Des.
901 2945 975 3040 25.)
996 2957 1090 3014 recta
1112 2943 1308 3038 asymptoto
1334 2948 1497 3040 paralleli

321 3064 370 3138 est
398 3058 561 3159 parallela
588 3057 687 3131 lateri
716 3055 975 3153 superficierum
991 3056 1196 3130 conicarum
1223 3057 1258 3128 in
1275 3057 1497 3153 quasposrtae

176 3175 264 3249 sunt
288 3171 531 3272 Hyperbolae,·
547 3173 584 3244 dr
601 3169 664 3241 uni
689 3193 734 3242 ex
753 3167 968 3263 Hyperbolis
985 3168 1020 3239 in
1043 3168 1150 3241 unico
1174 3171 1493 3266 puncto'occurrit;

181 3315 269 3390 ergo
280 3287 414 3364 constat
423 3287 500 3358 haec
513 3280 704 3376 Proposrtio
722 3303 782 3378 per
796 3281 900 3380 Prop.
924 3284 1131 3378 19.scc0r.
1157 3305 1186 3356 1.
1211 3282 1255 3353 ad
1276 3281 1356 3358 Def.
1376 3283 1465 3356 Sect.

239 3487 331 3560 Con.
354 3483 381 3555 Ι.
412 3479 511 3554 Hinc
525 3475 551 3551 si
567 3479 738 3550 diameter
753 3475 939 3549 transversa
951 3473 1015 3548 LV
1024 3472 1255 3572 Hyperbolae‚
1282 3497 1441 3553 occurrat
1454 3481 1490 3554 in
1524 3489 1592 3552 Fre.
1607 3495 1654 3575 36.

185 3601 338 3674 Orectae
355 3593 429 3670 KH
444 3595 639 3693 asymptoto
662 3591 728 3662 CY
752 3589 926 3690 parallelae
949 3589 1143 3663 occurrenti
1170 3588 1266 3662 alteri
1294 3589 1489 3691 asymptoto

185 3714 249 3787 CZ
271 3713 307 3785 in
320 3713 363 3800 P,
397 3705 436 3779 δι
452 3702 666 3802 Hyperbolae
680 3703 716 3774 in
731 3702 784 3790 E;
816 3703 881 3776 erit
897 3703 1143 3799 rectangulum
1166 3701 1265 3772 VOL
1280 3721 1490 3778 contentum

182 3825 371 3924 segmentis
395 3818 558 3894 diametri
586 3817 676 3889 inter
698 3817 845 3887 vertices
869 3813 942 3910 ejus
961 3819 997 3887 δι
1015 3833 1149 3887 rectam
1164 3812 1253 3901 KH,
1281 3815 1325 3885 ad
1341 3817 1489 3907 quadra-

184 3963 268 4018 tum
289 3965 332 4014 ex
345 3935 602 4014 semidiametro
616 3929 693 4022 CV,
718 3946 759 4001 ut
775 3929 839 4000 OE
856 3927 1076 4023 segmentum
1100 3943 1204 3998 rectae
1219 3925 1297 3996 KH
1312 3925 1402 3998 inter
1417 3928 1489 4002 dia-

181 4073 341 4132 metrum
365 4051 403 4126 &
424 4045 684 4151 Hyperbolam,
709 4045 753 4117 ad
777 4043 997 4139 segmentum
1014 4039 1073 4116 ΕΡ
1090 4039 1243 4136 ejusdem
1267 4058 1367 4114 rectae
1397 4043 1486 4116 inter

182 4163 431 4266 Hyperbolum
458 4159 497 4233 δι
522 4161 741 4258 asymptoton
758 4155 844 4242 CZ;
875 4156 1022 4228 ducatur
1045 4152 1142 4226 enim
1171 4175 1233 4250 per
1256 4153 1430 4254 punctu‘m
1454 4155 1483 4230 P

185 4299 280 4358 recta
293 4275 457 4388 parallela
468 4273 640 4350 diametro
654 4269 729 4365 LV,
742 4291 927 4344 occurrens
938 4265 1154 4367 Hyperbolis
1169 4269 1205 4343 in
1219 4267 1266 4360 R,
1283 4267 1306 4340 S
1322 4267 1480 4365 punctis:

806 4389 845 4461 H
1404 4399 1482 4455 turn
