4134 5460
414 423 714 586 stationum
744 457 1060 626 Conicarum
1101 463 1230 586 Lib.
1265 469 1310 587 Ι.
1449 513 1481 626 3
1492 483 1527 628 '3

212 649 435 757 aasentias
452 649 514 742 unt
505 632 894 760 eidemquediamerro
909 661 1105 738 transversae
1118 647 1307 763 parallelae,
1329 684 1391 806 per
1406 645 1530 746 casum

213 781 409 858 secundum
422 781 665 880 Proposttionis
678 777 921 946 praecedentis
1032 795 1035 800 ·
1466 749 1527 810 Ι

261 981 357 1060 Con.
388 941 447 1058 ΙΙΙ.
489 971 587 1065 Hinc
617 937 750 1080 quavis
777 937 873 1054 recta
898 977 1047 1052 sectione
1074 979 1198 1056 oonica
1223 985 1281 1064 vel
1276 982 1528 1124 Hyperbolis

210 1106 355 1210 oppos
331 1134 373 1186 trs
400 1111 594 1213 ter‘min'ata
606 1116 653 1208 ὅτ
681 1107 846 1208 parallela
860 1100 1048 1182 ordinatim
1064 1111 1244 1238 applicatis
1260 1117 1378 1233 cuivis
1370 1104 1521 1192 diame

208 1237 301 1339 tro,
297 1228 376 1298 eiit
377 1195 515 1344 eidem
528 1197 703 1330 diametro
727 1219 918 1304 ordinatim
935 1203 1164 1316 applicata
1387 1237 1394 1246 '
1419 1235 1423 1245 '
1522 1235 1526 1250 ’

218 1417 353 1488 1Ἐστι.
372 1413 453 1488 IV.
445 1415 589 1488 Hinc
601 1413 720 1504 etiam,
750 1411 829 1485 duae
847 1429 949 1486 rectae
970 1411 1122 1486 sectione
1140 1413 1264 1488 conica
1288 1417 1345 1490 vel
1361 1367 1524 1490 sectioni?-

206 1521 275 1598 bus
302 1525 464 1620 oppositis
491 1525 685 1598 terminatae
714 1523 748 1596 se
778 1535 908 1597 mutuo
932 1521 1096 1598 bifariam
1121 1526 1295 1600 decussare
1322 1511 1517 1622 noqueunt,

202 1635 266 1710 nifi
299 1657 488 1713 occurrunt
526 1641 564 1713 in
607 1631 729 1713 centro
757 1637 923 1734 Ellipseos
956 1656 1017 1712 aut
1042 1639 1234 1714 sectionum
1266 1639 1514 1736 opposttarum.

200 1748 303 1824 Nam
332 1750 358 1824 sr
387 1755 523 1849 poffint,
553 1771 634 1826 tum
662 1753 744 1829 duci
773 1750 886 1848 potest
910 1751 1081 1836 diameter
1098 1752 1256 1827 sectionis
1283 1761 1444 1850 utrasque
1459 1755 1515 1828 bi-

198 1861 325 1938 fariam
354 1865 482 1960 secans,
518 1871 557 1942 ὅτ
587 1865 735 1965 proinde
766 1863 876 1938 essent
903 1851 1019 1939 ambae'
1048 1854 1239 1940 ordinatim
1267 1867 1443 1961 applicatae
1467 1867 1515 1939 ei·

198 1979 284 2054 dem
312 1982 485 2060 diametro
501 1980 662 2080 ·&e‘rgo
689 1989 768 2078 (pet
790 1983 871 2057 Cor.
883 1984 939 2079 a.)
965 1981 1055 2056 iuter
1068 1981 1104 2054 se·
1131 1981 1314 2078 parallelae,
1337 1982 1446 2073 quod.
1464 1979 1514 2052 est

200 2093 399 2172 absurdum.

231 2275 346 2348 'Cora
361 2267 405 2347 V.
447 2267 546 2346 ffinc
574 2269 682 2345 etiam
709 2285 820 2367 patet,
850 2272 946 2366 quod
976 2268 1001 2343 fi
1029 2241 1107 2344 dua
1129 2287 1230 2344 recta
1259 2267 1322 2347 libi
1352 2271 1507 2351 invioem

196 2385 367 2482 parallelae
380 2386 614 2460 terminentur
639 2383 789 2458 sectione
802 2385 925 2459 oonict
947 2382 1004 2457 vel
1031 2383 1240 2460 sectionibus
1253 2384 1430 2484 oppofitis,
1452 2391 1506 2463 di·

194 2516 330 2572 ametet
355 2521 467 2571 unam
489 2497 645 2584 bisecans
658 2491 822 2569 bilariam
845 2493 973 2586 secabit
997 2493 1155 2570 alteram.

243 2681 339 2756 Con.
356 2677 418 2757 Vl.
460 2680 574 2756 Recta
603 2677 759 2754 bisecans
786 2678 875 2753 duaa
904 2676 1085 2774 parallelas
1114 2678 1264 2754 sectione
1291 2679 1414 2756 conica
1446 2681 1504 2754 vel

190 2791 401 2874 sectionibus
433 2792 599 2890 oppositis
630 2792 836 2864 terminatas
876 2791 926 2864 est
961 2789 1142 2866 diameter.
1192 2791 1290 2866 Nam
1328 2794 1500 2868 diameter

191 2929 305 2979 unam
327 2905 482 2979 bisecans
505 2901 669 2976 bifariam
683 2897 811 2974 secabit
835 2900 993 2973 alteram.

239 3089 337 3166 eoa
352 3084 432 3160 Vll.
478 3087 588 3178 Hinc,
629 3083 810 3182 segmento
831 3079 1002 3184 *sectionis
1036 3083 1179 3182 conitar
1203 3071 1384 3185 pofitione}
1405 3083 1503 3179 dato‚'

187 3199 341 3274 inveniri
361 3197 499 3294 possunt
520 3197 683 3270 diametri
709 3199 746 3270 ὅτ
767 3211 930 3268 centrum
956 3191 1054 3288 ejus:
1095 3193 1210 3268 ductis
1239 3196 1335 3270 enim
1361 3195 1502 3270 duabus

185 3313 361 3412 parallelis
393 3309 573 3406 segmento
607 3307 816 3394 terminatis,
843 3322 939 3378 recta
960 3305 1123 3400 utrasque
1153 3307 1305 3380 bisecans
1333 3308 1399 3380 erit
1424 3309 1498 3384 dia·

185 3445 322 3512 metere
353 3421 481 3502 eodem
507 3417 668 3508 modos
658 3417 807 3492 mveniri
835 3417 949 3515 potest
976 3419 1045 3500 alia
1077 3419 1278 3513 diameter,
1275 3443 1370 3517 quae
1403 3418 1429 3494 st
1457 3417 1500 3530 sit

184 3541 292 3638 priori
319 3535 494 3636 parallela,
524 3532 627 3608 sectio
655 3531 724 3606 erit
743 3531 935 3608 Parabola.
961 3533 997 3608 Si
1019 3532 1181 3610 diametri
1206 3552 1496 3642 occurrapnoc-

185 3656 314 3745 crassus
331 3651 382 3726 est
403 3666 569 3724 centrum
586 3646 766 3737 sectionis,
745 3669 866 3818 ,pua
886 3648 952 3722 erit
973 3644 1091 3746 Ellrps
1080 3673 1122 3738 s,
1155 3645 1180 3719 sr
1204 3647 1426 3761 segmentum
1455 3645 1497 3726 fit

185 3774 387 3828 concavum
417 3746 535 3822 versus
563 3761 747 3834 centrum,
837 3768 922 3820 vero
949 3767 1163 3836 convexum,
1193 3745 1296 3823 sectio
1327 3747 1393 3820 erit
1415 3743 1494 3840 Hy·
1525 3829 1527 3834 ¹

186 3867 340 3963 perhola

236 4049 334 4124 Coa.
347 4046 441 4127 Vlll.
488 4043 602 4118 Recta
615 4037 870 4139 per-verticem
892 4035 1056 4116 diametri
1086 4039 1195 4114 ducta
1217 4039 1379 4141 parallela
1400 4041 1494 4116 ordi-

185 4163 276 4240 natis
289 4161 379 4256 ejus,
409 4159 589 4258 continget
619 4155 821 4234 sectionem.
859 4155 962 4231 Nam
982 4154 1014 4232 'si
1040 4161 1125 4250 noia,
1146 4156 1301 4234 'ducatur
1328 4179 1390 4255 per
1415 4179 1496 4230 ver·

815 4267 849 4344 E
1285 4315 1289 4322 ·
1347 4291 1352 4300 ·
1388 4269 1497 4346 'tieem
