4156 5474
439 370 737 496 Sebi'iunum
770 366 1086 502 Coniectum
1112 363 1241 504 Lib.
1269 372 1347 488 V.
1444 379 1557 492 181

266 565 356 666 ΡΟ,
369 575 448 668 (per
461 570 564 667 Prop.
581 592 613 665 5.
639 567 727 665 huj.)
742 583 901 640 occurrat
924 583 1019 639 recta
1032 561 1207 660 PQipfis
1223 567 1299 662 AC,
1327 566 1394 642 BD
1423 565 1462 663 (fi
1477 592 1567 665 opus

265 691 460 785 productis)
477 693 512 765 in
528 693 572 784 L,
584 693 654 778 M,
685 707 764 764 tum
779 705 873 762 recta
889 687 953 762 Ac
971 687 1007 759 in
1022 683 1161 782 punctis
1177 686 1222 776 A,
1237 689 1280 781 L,
1296 690 1339 778 C,
1357 687 1400 780 E,
1421 693 1458 763 δι
1473 707 1567 762 recta

263 802 331 877 BD
347 812 382 878 r'n
407 807 547 903 punctis
567 807 609 896 B,
636 803 695 894 M,
723 803 772 895 D,
796 801 839 896 E,
861 789 1064 876 harmonice
1088 799 1295 876 secabuntur
1325 811 1403 899 (per
1423 805 1502 878 Cor.
1533 829 1563 880 r.

263 918 368 1018 Prop.
384 943 418 1016 5.
435 921 523 1018 huj.)
545 937 703 996 occurret
721 917 847 1016 juncta
864 917 935 1008 CB,
962 914 1023 1013 ipsr
1047 917 1175 1010 PQin
1190 915 1232 1010 F,
1260 924 1298 994 Ar
1322 915 1480 1015 srjuncta
1497 923 1565 996 AD

263 1055 335 1106 non
367 1032 515 1106 transeat
543 1055 605 1130 pet
629 1031 672 1122 F,
694 1027 866 1128 jungatur
893 1027 960 1101 DF
987 1051 1173 1102 occurrens
1200 1027 1262 1127 ipsr
1288 1032 1353 1104 AC
1378 1035 1414 1108 in
1445 1035 1495 1126 X,
1529 1039 1568 1108 Ac

261 1144 433 1238 quoniam
449 1144 490 1234 B,
506 1144 565 1232 M,
581 1143 631 1231 D,
647 1143 677 1214 E
691 1140 769 1216 sunt
786 1158 916 1238 puncta
933 1139 1109 1214 divisionis
1123 1141 1337 1216 harmonicae
1360 1142 1571 1243 srjungatur

260 1251 291 1326 F
291 1254 333 1346 E,
350 1273 457 1328 erunt
475 1253 548 1346 FE,
573 1251 650 1343 FD,
670 1251 759 1344 FM,
786 1249 844 1323 FB
865 1251 1131 1344 harmonicales,
1155 1277 1240 1350 ergo
1255 1274 1350 1328 recta
1367 1259 1432 1330 AC
1450 1259 1490 1332 iis
1513 1285 1571 1332 oc·

262 1389 405 1439 currens
429 1365 465 1437 in
480 1364 621 1461 punctis
637 1363 687 1456 X,
701 1363 744 1457 L,
760 1365 804 1456 C,
820 1361 864 1456 E,
879 1363 1084 1436 harmonice
1098 1364 1135 1437 in
1153 1364 1224 1438 istis
1239 1367 1380 1463 punctis
1400 1368 1568 1443 secabitur

263 1483 342 1574 (per
367 1479 442 1554 Par.
470 1501 503 1557 2.
526 1477 624 1553 Lern.
655 1481 706 1568 1.)
730 1497 852 1552 contra
878 1477 960 1552 Cor.
987 1506 1020 1569 4.
1046 1479 1091 1551 ad
1118 1477 1199 1554 Des.
1231 1504 1263 1558 2.
1293 1481 1377 1575 quia
1402 1483 1491 1555 secta
1517 1485 1567 1556 cst

259 1591 464 1667 harmonice
491 1593 529 1666 in
552 1593 691 1689 punctis
716 1593 763 1682 A,
786 1592 829 1684 L,
852 1589 897 1684 C,
920 1591 976 1667 E:
1013 1615 1097 1690 ergo
1118 1591 1245 1688 juncta
1262 1594 1335 1668 AD
1359 1595 1479 1670 transt
1507 1620 1569 1694 per

260 1697 314 1791 F,
338 1702 467 1776 deinde
486 1702 614 1799 junctA
627 1701 688 1774 AB
704 1719 912 1774 occurrente
937 1697 999 1796 ipsr
1013 1702 1141 1794 PQin
1159 1705 1206 1793 G,
1225 1706 1425 1782 ostendetur
1441 1709 1568 1780 eodem

259 1815 396 1909 prorsus
420 1817 528 1887 modo
544 1813 710 1910 junctam
740 1811 812 1885 CD
830 1809 972 1886 transire
996 1835 1059 1909 per
1087 1815 1145 1904 G,
1171 1841 1256 1914 crgo
1273 1836 1422 1912 quatuor
1438 1841 1569 1915 puncta

259 1925 312 2021 H,
325 1925 371 2019 K,
383 1923 425 2017 F,
441 1929 475 2000 G
487 1927 566 2000 sunt
579 1927 615 1997 in
628 1943 721 1998 recta
734 1925 827 1996 linea
841 1927 922 1996 seiz.
935 1925 1025 2016 PQ
1061 1925 1106 2022 ἐζ.
1119 1927 1158 2001 E.
1171 1928 1216 2003 D.

309 2117 407 2190 (Ξοιι.λ
433 2115 460 2188 1.
486 2115 523 2189 Si
536 2131 732 2188 vcrorectae
750 2113 827 2206 AB,
850 2113 1116 2214 CDjungentes
1134 2119 1302 2195 terminos
1324 2124 1566 2220 inscripturum

258 2229 326 2306 fint
336 2229 467 2304 intersc
480 2227 662 2323 parallelae,
676 2246 780 2300 erunt
793 2227 966 2324 parallelae
980 2227 1041 2325 ipsi
1051 2229 1168 2326 PQin
1182 2255 1253 2326 qua
1262 2257 1473 2310 concurntnt
1483 2263 1566 2312 com

259 2344 436 2438 tingentes
462 2361 524 2432 per
542 2336 712 2410 terminos
732 2335 976 2432 inscriptarum
993 2340 1135 2427 ductae;
1160 2363 1245 2414 nam
1269 2341 1294 2414 sr
1318 2368 1390 2418 unu
1413 2348 1565 2441 ipsarum

259 2453 323 2530 AB
349 2469 510 2526 occurrat
527 2446 588 2545 ipsr
604 2450 738 2540 PQin
767 2449 886 2540 aliquo
912 2469 1046 2543 puncto
1065 2452 1112 2540 G,
1140 2471 1218 2524 tum
1245 2471 1283 2526 ut
1307 2459 1402 2549 prius
1431 2459 1563 2534 ostendi

260 2562 544 2664 potestjuncram
554 2557 630 2632 DG
647 2555 789 2631 transire
804 2579 866 2652 per
881 2559 925 2648 C,
941 2582 1026 2656 ergo
1040 2558 1109 2633 CD
1125 2561 1185 2658 ipsr
1201 2563 1264 2634 AB
1278 2573 1518 2668 occurreret-in
1529 2575 1564 2646 G

199 2679 201 2684 ’
257 2701 381 2756 contra
393 2671 614 2771 hypothesrn,
630 2695 714 2765 ergo
728 2670 861 2745 constat
877 2667 1103 2770 propofitum.

307 2802 404 2874 Con.
430 2799 473 2871 11.
500 2794 536 2867 Si
552 2793 692 2866 sectioni
708 2793 764 2864 uel
780 2791 988 2866 sectionibus
1005 2794 1234 2872 inscribantur
1256 2803 1334 2876 duae
1358 2829 1457 2881 rectae
1475 2810 1563 2882 inter

257 2912 292 2986 se
309 2907 490 3010 putassem,
518 2905 762 3000 cuntingentes
785 2903 899 2978 ductae
926 2927 988 3001 per
1015 2907 1184 2982 terminos
1210 2914 1372 2988 utriusvis
1391 2921 1561 3014 parallelae

257 3039 468 3096 concurrent
488 3018 532 3090 ad
556 3018 771 3090 diametrum
785 3015 965 3113 parallelas
988 3018 1199 3096 bisecantem
1218 3026 1315 3118 (Cor.
1333 3051 1365 3104 2.
1382 3029 1484 3128 Prop.
1499 3038 1558 3110 26.

257 3135 318 3210 lib.
342 3137 392 3228 1.)
408 3137 445 3206 ὅτ
461 3127 687 3203 manifestum
709 3131 758 3203 est
782 3145 893 3204 rectas
917 3133 1088 3212 terminos
1111 3137 1353 3233 parallelumm
1366 3139 1560 3243 jungentes

259 3245 466 3326 adeundum
478 3245 692 3320 diametrum
701 3268 916 3322 concurrere.
948 3351 952 3362 ι

1371 3839 1552 3920 PROP.
