<?xml version="1.0" encoding="UTF-8"?>
<!DOCTYPE html PUBLIC "-//W3C//DTD XHTML 1.0 Transitional//EN"
    "http://www.w3.org/TR/xhtml1/DTD/xhtml1-transitional.dtd">
<html xmlns="http://www.w3.org/1999/xhtml" xml:lang="en" lang="en">
 <head>
  <title>
</title>
<meta http-equiv="Content-Type" content="text/html;charset=utf-8" />
  <meta name='ocr-system' content='tesseract 3.04.00' />
  <meta name='ocr-capabilities' content='ocr_page ocr_carea ocr_par ocr_line ocrx_word'/>
</head>
<body>
  <div class='ocr_page' id='page_1' title='image "./desectionibusco00hamigoog_0127.png"; bbox 0 0 4054 5462; ppageno 0'>
   <div class='ocr_carea' id='block_1_1' title="bbox 572 396 1703 565">
    <p class='ocr_par' dir='ltr' id='par_1_1' title="bbox 572 319 1703 565">
     <span class='ocr_line' id='line_1_1' title="bbox 572 396 1703 565; baseline -0.001 -42"><span class='ocrx_word' id='word_1_1' title='bbox 572 407 654 565; x_wconf 92' lang='lat'>96</span> <span class='ocrx_word' id='word_1_2' title='bbox 783 396 1082 525; x_wconf 53' lang='lat' dir='ltr'>Sestianum</span> <span class='ocrx_word' id='word_1_3' title='bbox 1107 405 1426 546; x_wconf 73' lang='lat' dir='ltr'>Conicarum</span> <span class='ocrx_word' id='word_1_4' title='bbox 1460 403 1703 524; x_wconf 79' lang='lat' dir='ltr'>Lib.··11.</span> 
     </span>
    </p>
   </div>
   <div class='ocr_carea' id='block_1_2' title="bbox 449 593 1981 1047">
    <p class='ocr_par' dir='ltr' id='par_1_2' title="bbox 449 593 1981 1047">
     <span class='ocr_line' id='line_1_2' title="bbox 616 593 1981 709; baseline 0.005 -32"><span class='ocrx_word' id='word_1_5' title='bbox 616 606 709 682; x_wconf 66' lang='lat' dir='ltr'>cor.</span> <span class='ocrx_word' id='word_1_6' title='bbox 726 609 785 684; x_wconf 85' lang='lat'><em>111.</em></span> <span class='ocrx_word' id='word_1_7' title='bbox 819 611 860 683; x_wconf 90' lang='lat' dir='ltr'>In</span> <span class='ocrx_word' id='word_1_8' title='bbox 876 610 993 706; x_wconf 79' lang='lat' dir='ltr'>Ellipfi</span> <span class='ocrx_word' id='word_1_9' title='bbox 1009 608 1046 682; x_wconf 72' lang='lat' dir='ltr'>a</span> <span class='ocrx_word' id='word_1_10' title='bbox 1066 609 1443 708; x_wconf 80' lang='lat' dir='ltr'>Hyperbotasemiaxis</span> <span class='ocrx_word' id='word_1_11' title='bbox 1460 608 1590 684; x_wconf 69' lang='lat' dir='ltr'>cnest</span> <span class='ocrx_word' id='word_1_12' title='bbox 1606 593 1882 709; x_wconf 68' lang='lat' dir='ltr'>mediapropori</span> <span class='ocrx_word' id='word_1_13' title='bbox 1980 669 1981 672; x_wconf 7' lang='grc' dir='ltr'><strong><em>κ</em></strong></span> 
     </span>
     <span class='ocr_line' id='line_1_3' title="bbox 564 719 1881 818; baseline 0.005 -28"><span class='ocrx_word' id='word_1_14' title='bbox 564 719 703 793; x_wconf 87' lang='lat' dir='ltr'>tionalis</span> <span class='ocrx_word' id='word_1_15' title='bbox 719 723 807 795; x_wconf 89' lang='lat' dir='ltr'>inter</span> <span class='ocrx_word' id='word_1_16' title='bbox 819 726 898 814; x_wconf 90' lang='lat' dir='ltr'>CD,</span> <span class='ocrx_word' id='word_1_17' title='bbox 922 723 1124 818; x_wconf 83' lang='lat' dir='ltr'>distantiam</span> <span class='ocrx_word' id='word_1_18' title='bbox 1147 723 1337 814; x_wconf 88' lang='lat' dir='ltr'>directricis</span> <span class='ocrx_word' id='word_1_19' title='bbox 1352 749 1374 797; x_wconf 91' lang='lat' dir='ltr'>a</span> <span class='ocrx_word' id='word_1_20' title='bbox 1388 741 1521 815; x_wconf 90' lang='lat' dir='ltr'>centro,</span> <span class='ocrx_word' id='word_1_21' title='bbox 1553 740 1589 797; x_wconf 93' lang='lat' dir='ltr'>et</span> <span class='ocrx_word' id='word_1_22' title='bbox 1602 723 1665 798; x_wconf 88' lang='lat' dir='ltr'>CF</span> <span class='ocrx_word' id='word_1_23' title='bbox 1677 721 1881 798; x_wconf 87' lang='lat' dir='ltr'>distantiam</span> 
     </span>
     <span class='ocr_line' id='line_1_4' title="bbox 449 829 1887 936; baseline 0.006 -34"><span class='ocrx_word' id='word_1_24' title='bbox 449 907 452 912; x_wconf 68' lang='grc'>,</span> <span class='ocrx_word' id='word_1_25' title='bbox 568 829 637 908; x_wconf 84' lang='lat' dir='ltr'>foci</span> <span class='ocrx_word' id='word_1_26' title='bbox 656 855 823 927; x_wconf 72' lang='lat' dir='ltr'>amnuo,</span> <span class='ocrx_word' id='word_1_27' title='bbox 854 853 894 908; x_wconf 93' lang='lat' dir='ltr'>ut</span> <span class='ocrx_word' id='word_1_28' title='bbox 919 855 1017 936; x_wconf 85' lang='lat' dir='ltr'>patet</span> <span class='ocrx_word' id='word_1_29' title='bbox 1037 861 1082 910; x_wconf 84' lang='lat' dir='ltr'>ex</span> <span class='ocrx_word' id='word_1_30' title='bbox 1103 841 1149 931; x_wconf 83' lang='lat'>48</span> <span class='ocrx_word' id='word_1_31' title='bbox 1169 841 1207 913; x_wconf 76' lang='grc' dir='ltr'>ὅτ</span> <span class='ocrx_word' id='word_1_32' title='bbox 1224 863 1284 936; x_wconf 86' lang='lat'>49.</span> <span class='ocrx_word' id='word_1_33' title='bbox 1316 837 1376 912; x_wconf 92' lang='lat' dir='ltr'>lib.</span> <span class='ocrx_word' id='word_1_34' title='bbox 1404 863 1434 913; x_wconf 91' lang='lat'>1.</span> <span class='ocrx_word' id='word_1_35' title='bbox 1467 853 1564 934; x_wconf 90' lang='lat' dir='ltr'>patet</span> <span class='ocrx_word' id='word_1_36' title='bbox 1577 839 1686 912; x_wconf 87' lang='lat' dir='ltr'>etiarn</span> <span class='ocrx_word' id='word_1_37' title='bbox 1705 838 1794 912; x_wconf 86' lang='lat' dir='ltr'>duas</span> <span class='ocrx_word' id='word_1_38' title='bbox 1812 833 1887 923; x_wconf 70' lang='lat' dir='ltr'>elle,</span> 
     </span>
     <span class='ocr_line' id='line_1_5' title="bbox 566 944 1818 1047; baseline 0.01 -32"><span class='ocrx_word' id='word_1_39' title='bbox 566 944 764 1020; x_wconf 87' lang='lat' dir='ltr'>directrices</span> <span class='ocrx_word' id='word_1_40' title='bbox 778 947 813 1020; x_wconf 94' lang='lat' dir='ltr'>in</span> <span class='ocrx_word' id='word_1_41' title='bbox 830 945 949 1046; x_wconf 83' lang='lat' dir='ltr'>Ellipli</span> <span class='ocrx_word' id='word_1_42' title='bbox 966 955 1004 1024; x_wconf 76' lang='grc' dir='ltr'>ὅτ</span> <span class='ocrx_word' id='word_1_43' title='bbox 1021 949 1241 1046; x_wconf 83' lang='lat' dir='ltr'>Hyperbola,</span> <span class='ocrx_word' id='word_1_44' title='bbox 1269 975 1290 1024; x_wconf 92' lang='lat' dir='ltr'>a</span> <span class='ocrx_word' id='word_1_45' title='bbox 1307 970 1429 1028; x_wconf 89' lang='lat' dir='ltr'>centro</span> <span class='ocrx_word' id='word_1_46' title='bbox 1443 949 1624 1047; x_wconf 81' lang='lat' dir='ltr'>aequaliter</span> <span class='ocrx_word' id='word_1_47' title='bbox 1643 950 1818 1032; x_wconf 85' lang='lat' dir='ltr'>distantes.</span> 
     </span>
    </p>
   </div>
   <div class='ocr_carea' id='block_1_3' title="bbox 1065 1158 1405 1244">
    <p class='ocr_par' dir='ltr' id='par_1_3' title="bbox 1065 1158 1405 1244">
     <span class='ocr_line' id='line_1_6' title="bbox 1065 1158 1405 1244; baseline 0.006 -4"><span class='ocrx_word' id='word_1_48' title='bbox 1065 1161 1281 1244; x_wconf 88' lang='lat' dir='ltr'>PROP.·</span> <span class='ocrx_word' id='word_1_49' title='bbox 1335 1158 1405 1242; x_wconf 85' lang='lat' dir='ltr'>Xl.</span> 
     </span>
    </p>
   </div>
   <div class='ocr_carea' id='block_1_4' title="bbox 393 1315 1881 1428">
    <p class='ocr_par' dir='ltr' id='par_1_4' title="bbox 393 1315 1881 1428">
     <span class='ocr_line' id='line_1_7' title="bbox 393 1315 1881 1428; baseline -0.003 -26"><span class='ocrx_word' id='word_1_50' title='bbox 393 1360 454 1402; x_wconf 73' lang='grc' dir='ltr'>«ιο.</span> <span class='ocrx_word' id='word_1_51' title='bbox 510 1384 518 1410; x_wconf 89' lang='grc'><em>,</em></span> <span class='ocrx_word' id='word_1_52' title='bbox 574 1315 612 1395; x_wconf 88' lang='lat' dir='ltr'>Si</span> <span class='ocrx_word' id='word_1_53' title='bbox 644 1343 666 1394; x_wconf 89' lang='lat' dir='ltr'>a</span> <span class='ocrx_word' id='word_1_54' title='bbox 695 1316 829 1426; x_wconf 89' lang='lat' dir='ltr'>quovis</span> <span class='ocrx_word' id='word_1_55' title='bbox 861 1335 1005 1428; x_wconf 91' lang='lat' dir='ltr'>puncto</span> <span class='ocrx_word' id='word_1_56' title='bbox 1024 1315 1055 1397; x_wconf 91' lang='lat' dir='ltr'>P</span> <span class='ocrx_word' id='word_1_57' title='bbox 1074 1315 1114 1396; x_wconf 90' lang='lat' dir='ltr'>in</span> <span class='ocrx_word' id='word_1_58' title='bbox 1133 1317 1297 1398; x_wconf 86' lang='lat' dir='ltr'>sectione</span> <span class='ocrx_word' id='word_1_59' title='bbox 1315 1319 1447 1400; x_wconf 91' lang='lat' dir='ltr'>conica</span> <span class='ocrx_word' id='word_1_60' title='bbox 1466 1319 1577 1400; x_wconf 92' lang='lat' dir='ltr'>RAP</span> <span class='ocrx_word' id='word_1_61' title='bbox 1593 1315 1752 1398; x_wconf 87' lang='lat' dir='ltr'>ducatur</span> <span class='ocrx_word' id='word_1_62' title='bbox 1771 1333 1881 1398; x_wconf 86' lang='lat' dir='ltr'>recta</span> 
     </span>
    </p>
   </div>
   <div class='ocr_carea' id='block_1_5' title="bbox 472 1439 1882 2034">
    <p class='ocr_par' dir='ltr' id='par_1_5' title="bbox 472 1439 1882 2034">
     <span class='ocr_line' id='line_1_8' title="bbox 472 1439 1879 1559; baseline -0.001 -38"><span class='ocrx_word' id='word_1_63' title='bbox 472 1439 520 1559; x_wconf 56' lang='lat' dir='ltr'>ff}</span> <span class='ocrx_word' id='word_1_64' title='bbox 626 1443 693 1521; x_wconf 92' lang='lat' dir='ltr'>PE</span> <span class='ocrx_word' id='word_1_65' title='bbox 724 1441 1043 1551; x_wconf 81' lang='lat' dir='ltr'>perpendicularis</span> <span class='ocrx_word' id='word_1_66' title='bbox 1069 1439 1118 1519; x_wconf 84' lang='lat' dir='ltr'>ad</span> <span class='ocrx_word' id='word_1_67' title='bbox 1145 1441 1384 1524; x_wconf 83' lang='lat' dir='ltr'>directricem</span> <span class='ocrx_word' id='word_1_68' title='bbox 1416 1445 1506 1541; x_wconf 88' lang='lat' dir='ltr'>DE,</span> <span class='ocrx_word' id='word_1_69' title='bbox 1544 1446 1585 1524; x_wconf 74' lang='lat' dir='ltr'>dc</span> <span class='ocrx_word' id='word_1_70' title='bbox 1611 1461 1713 1524; x_wconf 86' lang='lat' dir='ltr'>recta</span> <span class='ocrx_word' id='word_1_71' title='bbox 1734 1441 1800 1522; x_wconf 84' lang='lat' dir='ltr'>PF</span> <span class='ocrx_word' id='word_1_72' title='bbox 1826 1441 1879 1520; x_wconf 87' lang='lat' dir='ltr'>ad</span> 
     </span>
     <span class='ocr_line' id='line_1_9' title="bbox 624 1567 1880 1684; baseline 0 -34"><span class='ocrx_word' id='word_1_73' title='bbox 624 1569 758 1650; x_wconf 88' lang='lat' dir='ltr'>focum</span> <span class='ocrx_word' id='word_1_74' title='bbox 784 1569 876 1649; x_wconf 90' lang='lat' dir='ltr'>huic</span> <span class='ocrx_word' id='word_1_75' title='bbox 905 1570 1091 1651; x_wconf 88' lang='lat' dir='ltr'>directrici</span> <span class='ocrx_word' id='word_1_76' title='bbox 1111 1573 1357 1684; x_wconf 88' lang='lat' dir='ltr'>propiorem·</span> <span class='ocrx_word' id='word_1_77' title='bbox 1393 1591 1494 1652; x_wconf 89' lang='lat' dir='ltr'>recta</span> <span class='ocrx_word' id='word_1_78' title='bbox 1529 1572 1596 1653; x_wconf 91' lang='lat' dir='ltr'>PF</span> <span class='ocrx_word' id='word_1_79' title='bbox 1613 1573 1729 1654; x_wconf 85' lang='lat' dir='ltr'>ducta</span> <span class='ocrx_word' id='word_1_80' title='bbox 1747 1571 1795 1651; x_wconf 90' lang='lat' dir='ltr'>ad</span> <span class='ocrx_word' id='word_1_81' title='bbox 1814 1567 1880 1651; x_wconf 87' lang='lat' dir='ltr'>fo·</span> 
     </span>
     <span class='ocr_line' id='line_1_10' title="bbox 623 1695 1879 1804; baseline 0.002 -30"><span class='ocrx_word' id='word_1_82' title='bbox 623 1725 715 1775; x_wconf 93' lang='lat' dir='ltr'>cum</span> <span class='ocrx_word' id='word_1_83' title='bbox 735 1695 806 1774; x_wconf 90' lang='lat' dir='ltr'>erit</span> <span class='ocrx_word' id='word_1_84' title='bbox 825 1697 871 1772; x_wconf 88' lang='lat' dir='ltr'>ad</span> <span class='ocrx_word' id='word_1_85' title='bbox 890 1695 1246 1804; x_wconf 85' lang='lat' dir='ltr'>perpendicularem</span> <span class='ocrx_word' id='word_1_86' title='bbox 1266 1702 1346 1792; x_wconf 90' lang='lat' dir='ltr'>PE,</span> <span class='ocrx_word' id='word_1_87' title='bbox 1385 1717 1428 1779; x_wconf 90' lang='lat' dir='ltr'>ut</span> <span class='ocrx_word' id='word_1_88' title='bbox 1445 1699 1518 1779; x_wconf 90' lang='lat' dir='ltr'>FA</span> <span class='ocrx_word' id='word_1_89' title='bbox 1537 1699 1710 1781; x_wconf 73' lang='lat' dir='ltr'>distantia</span> <span class='ocrx_word' id='word_1_90' title='bbox 1739 1695 1819 1778; x_wconf 85' lang='lat' dir='ltr'>foci</span> <span class='ocrx_word' id='word_1_91' title='bbox 1843 1696 1879 1776; x_wconf 93' lang='lat' dir='ltr'>F</span> 
     </span>
     <span class='ocr_line' id='line_1_11' title="bbox 622 1811 1882 1934; baseline 0.004 -28"><span class='ocrx_word' id='word_1_92' title='bbox 622 1855 644 1906; x_wconf 87' lang='lat' dir='ltr'>a</span> <span class='ocrx_word' id='word_1_93' title='bbox 672 1825 810 1904; x_wconf 86' lang='lat' dir='ltr'>vertice</span> <span class='ocrx_word' id='word_1_94' title='bbox 835 1823 1012 1934; x_wconf 87' lang='lat' dir='ltr'>propiore</span> <span class='ocrx_word' id='word_1_95' title='bbox 1031 1819 1124 1920; x_wconf 88' lang='lat' dir='ltr'>axis,</span> <span class='ocrx_word' id='word_1_96' title='bbox 1156 1825 1205 1904; x_wconf 89' lang='lat' dir='ltr'>ad</span> <span class='ocrx_word' id='word_1_97' title='bbox 1224 1826 1304 1906; x_wconf 91' lang='lat' dir='ltr'>DA</span> <span class='ocrx_word' id='word_1_98' title='bbox 1323 1825 1538 1907; x_wconf 88' lang='lat' dir='ltr'>distantiam</span> <span class='ocrx_word' id='word_1_99' title='bbox 1570 1811 1777 1911; x_wconf 87' lang='lat' dir='ltr'>directricis</span> <span class='ocrx_word' id='word_1_100' title='bbox 1796 1828 1882 1911; x_wconf 91' lang='lat' dir='ltr'>DE</span> 
     </span>
     <span class='ocr_line' id='line_1_12' title="bbox 622 1941 996 2034; baseline -0.003 -2"><span class='ocrx_word' id='word_1_101' title='bbox 622 1941 671 2032; x_wconf 83' lang='lat' dir='ltr'>ali</span> <span class='ocrx_word' id='word_1_102' title='bbox 687 1953 825 2034; x_wconf 89' lang='lat' dir='ltr'>eodem</span> <span class='ocrx_word' id='word_1_103' title='bbox 843 1951 996 2033; x_wconf 87' lang='lat' dir='ltr'>vertice.</span> 
     </span>
    </p>
   </div>
   <div class='ocr_carea' id='block_1_6' title="bbox 455 2143 1887 3028">
    <p class='ocr_par' dir='ltr' id='par_1_6' title="bbox 663 2143 1887 2246">
     <span class='ocr_line' id='line_1_13' title="bbox 663 2143 1887 2246; baseline 0.001 -25"><span class='ocrx_word' id='word_1_104' title='bbox 663 2146 921 2222; x_wconf 90' lang='lat' dir='ltr'>UCANTUR</span> <span class='ocrx_word' id='word_1_105' title='bbox 950 2147 1049 2222; x_wconf 91' lang='lat' dir='ltr'>enim</span> <span class='ocrx_word' id='word_1_106' title='bbox 1065 2168 1129 2244; x_wconf 89' lang='lat' dir='ltr'>per</span> <span class='ocrx_word' id='word_1_107' title='bbox 1148 2164 1324 2244; x_wconf 86' lang='lat' dir='ltr'>punctum</span> <span class='ocrx_word' id='word_1_108' title='bbox 1349 2143 1378 2222; x_wconf 93' lang='lat' dir='ltr'>P</span> <span class='ocrx_word' id='word_1_109' title='bbox 1404 2159 1500 2222; x_wconf 86' lang='lat' dir='ltr'>recta</span> <span class='ocrx_word' id='word_1_110' title='bbox 1515 2144 1593 2246; x_wconf 91' lang='lat' dir='ltr'>PQ</span> <span class='ocrx_word' id='word_1_111' title='bbox 1614 2145 1660 2220; x_wconf 86' lang='lat' dir='ltr'>ad</span> <span class='ocrx_word' id='word_1_112' title='bbox 1686 2169 1789 2222; x_wconf 84' lang='lat' dir='ltr'>axem</span> <span class='ocrx_word' id='word_1_113' title='bbox 1814 2145 1887 2222; x_wconf 88' lang='lat' dir='ltr'>AB</span> 
     </span>
    </p>

    <p class='ocr_par' dir='ltr' id='par_1_7' title="bbox 455 2257 1887 3028">
     <span class='ocr_line' id='line_1_14' title="bbox 686 2257 1887 2354; baseline 0.007 -25"><span class='ocrx_word' id='word_1_114' title='bbox 686 2257 748 2352; x_wconf 84' lang='lat' dir='ltr'>ipli</span> <span class='ocrx_word' id='word_1_115' title='bbox 766 2257 1076 2351; x_wconf 83' lang='lat' dir='ltr'>perpendicularis,</span> <span class='ocrx_word' id='word_1_116' title='bbox 1104 2263 1143 2330; x_wconf 78' lang='grc' dir='ltr'>δι</span> <span class='ocrx_word' id='word_1_117' title='bbox 1172 2282 1359 2332; x_wconf 84' lang='lat' dir='ltr'>occurrens</span> <span class='ocrx_word' id='word_1_118' title='bbox 1373 2259 1596 2354; x_wconf 80' lang='lat' dir='ltr'>contingenti</span> <span class='ocrx_word' id='word_1_119' title='bbox 1614 2257 1718 2336; x_wconf 82' lang='lat' dir='ltr'>foc&#39;ali</span> <span class='ocrx_word' id='word_1_120' title='bbox 1736 2257 1815 2338; x_wconf 87' lang='lat' dir='ltr'>DT</span> <span class='ocrx_word' id='word_1_121' title='bbox 1844 2261 1887 2338; x_wconf 83' lang='lat' dir='ltr'>in</span> 
     </span>
     <span class='ocr_line' id='line_1_15' title="bbox 565 2364 1887 2466; baseline 0.005 -25"><span class='ocrx_word' id='word_1_122' title='bbox 565 2370 608 2458; x_wconf 90' lang='lat' dir='ltr'>L,</span> <span class='ocrx_word' id='word_1_123' title='bbox 643 2366 709 2439; x_wconf 92' lang='lat' dir='ltr'>erit</span> <span class='ocrx_word' id='word_1_124' title='bbox 736 2364 813 2462; x_wconf 87' lang='lat' dir='ltr'>QD</span> <span class='ocrx_word' id='word_1_125' title='bbox 842 2366 1064 2460; x_wconf 79' lang='lat' dir='ltr'>segmentum</span> <span class='ocrx_word' id='word_1_126' title='bbox 1094 2365 1170 2438; x_wconf 75' lang='lat' dir='ltr'>ania</span> <span class='ocrx_word' id='word_1_127' title='bbox 1200 2366 1291 2440; x_wconf 88' lang='lat' dir='ltr'>inter</span> <span class='ocrx_word' id='word_1_128' title='bbox 1327 2385 1463 2442; x_wconf 78' lang='lat' dir='ltr'>rectam</span> <span class='ocrx_word' id='word_1_129' title='bbox 1487 2367 1568 2466; x_wconf 87' lang='lat' dir='ltr'>PQ</span> <span class='ocrx_word' id='word_1_130' title='bbox 1592 2373 1630 2446; x_wconf 77' lang='grc' dir='ltr'>ὅτ</span> <span class='ocrx_word' id='word_1_131' title='bbox 1658 2369 1887 2448; x_wconf 85' lang='lat' dir='ltr'>directricem</span> 
     </span>
     <span class='ocr_line' id='line_1_16' title="bbox 569 2473 1885 2579; baseline 0.005 -27"><span class='ocrx_word' id='word_1_132' title='bbox 569 2477 706 2573; x_wconf 82' lang='lat' dir='ltr'>aequale</span> <span class='ocrx_word' id='word_1_133' title='bbox 733 2475 793 2572; x_wconf 88' lang='lat' dir='ltr'>ipfi</span> <span class='ocrx_word' id='word_1_134' title='bbox 819 2475 891 2566; x_wconf 92' lang='lat' dir='ltr'>PE,</span> <span class='ocrx_word' id='word_1_135' title='bbox 918 2491 955 2548; x_wconf 90' lang='lat' dir='ltr'>et</span> <span class='ocrx_word' id='word_1_136' title='bbox 974 2477 1050 2572; x_wconf 62' lang='lat' dir='ltr'>erit⁴</span> <span class='ocrx_word' id='word_1_137' title='bbox 1064 2473 1140 2573; x_wconf 92' lang='lat' dir='ltr'>LQ</span> <span class='ocrx_word' id='word_1_138' title='bbox 1165 2477 1311 2571; x_wconf 83' lang='lat' dir='ltr'>aequalia</span> <span class='ocrx_word' id='word_1_139' title='bbox 1335 2475 1399 2576; x_wconf 82' lang='lat' dir='ltr'>ipfi</span> <span class='ocrx_word' id='word_1_140' title='bbox 1414 2478 1473 2552; x_wconf 92' lang='lat' dir='ltr'>PF</span> <span class='ocrx_word' id='word_1_141' title='bbox 1486 2488 1565 2576; x_wconf 90' lang='lat' dir='ltr'>(per</span> <span class='ocrx_word' id='word_1_142' title='bbox 1589 2479 1692 2578; x_wconf 87' lang='lat' dir='ltr'>Prop.</span> <span class='ocrx_word' id='word_1_143' title='bbox 1711 2485 1885 2579; x_wconf 80' lang='lat' dir='ltr'>praeced.)</span> 
     </span>
     <span class='ocr_line' id='line_1_17' title="bbox 567 2587 1883 2687; baseline 0.003 -21"><span class='ocrx_word' id='word_1_144' title='bbox 567 2595 718 2666; x_wconf 88' lang='lat' dir='ltr'>ducatur</span> <span class='ocrx_word' id='word_1_145' title='bbox 740 2613 760 2662; x_wconf 92' lang='lat' dir='ltr'>a</span> <span class='ocrx_word' id='word_1_146' title='bbox 786 2588 917 2662; x_wconf 89' lang='lat' dir='ltr'>vertice</span> <span class='ocrx_word' id='word_1_147' title='bbox 946 2588 1021 2684; x_wconf 82' lang='lat' dir='ltr'>axis</span> <span class='ocrx_word' id='word_1_148' title='bbox 1036 2589 1071 2661; x_wconf 92' lang='lat' dir='ltr'>A</span> <span class='ocrx_word' id='word_1_149' title='bbox 1093 2588 1301 2686; x_wconf 83' lang='lat' dir='ltr'>contingens</span> <span class='ocrx_word' id='word_1_150' title='bbox 1333 2613 1520 2664; x_wconf 79' lang='lat' dir='ltr'>occurrens</span> <span class='ocrx_word' id='word_1_151' title='bbox 1551 2587 1613 2687; x_wconf 83' lang='lat' dir='ltr'>ipli</span> <span class='ocrx_word' id='word_1_152' title='bbox 1641 2591 1719 2668; x_wconf 89' lang='lat' dir='ltr'>DT</span> <span class='ocrx_word' id='word_1_153' title='bbox 1749 2595 1786 2668; x_wconf 92' lang='lat' dir='ltr'>in</span> <span class='ocrx_word' id='word_1_154' title='bbox 1817 2596 1883 2684; x_wconf 65' lang='lat' dir='ltr'>H,</span> 
     </span>
     <span class='ocr_line' id='line_1_18' title="bbox 564 2690 1882 2806; baseline 0.005 -27"><span class='ocrx_word' id='word_1_155' title='bbox 564 2709 735 2801; x_wconf 89' lang='lat' dir='ltr'>quoniam</span> <span class='ocrx_word' id='word_1_156' title='bbox 751 2702 856 2800; x_wconf 89' lang='lat' dir='ltr'>igitur</span> <span class='ocrx_word' id='word_1_157' title='bbox 877 2690 1048 2800; x_wconf 81' lang='lat' dir='ltr'>parallelae</span> <span class='ocrx_word' id='word_1_158' title='bbox 1068 2700 1147 2774; x_wconf 88' lang='lat' dir='ltr'>sunt</span> <span class='ocrx_word' id='word_1_159' title='bbox 1162 2699 1248 2794; x_wconf 91' lang='lat' dir='ltr'>AH,</span> <span class='ocrx_word' id='word_1_160' title='bbox 1263 2700 1347 2804; x_wconf 80' lang='lat' dir='ltr'>LQ·</span> <span class='ocrx_word' id='word_1_161' title='bbox 1372 2706 1439 2779; x_wconf 88' lang='lat' dir='ltr'>erit</span> <span class='ocrx_word' id='word_1_162' title='bbox 1462 2704 1600 2798; x_wconf 73' lang='lat' dir='ltr'>LQad</span> <span class='ocrx_word' id='word_1_163' title='bbox 1626 2703 1716 2806; x_wconf 86' lang='lat' dir='ltr'>QD,</span> <span class='ocrx_word' id='word_1_164' title='bbox 1746 2727 1788 2784; x_wconf 85' lang='lat' dir='ltr'>ut</span> <span class='ocrx_word' id='word_1_165' title='bbox 1802 2708 1882 2784; x_wconf 89' lang='lat' dir='ltr'>HA</span> 
     </span>
     <span class='ocr_line' id='line_1_19' title="bbox 560 2811 1881 2916; baseline 0.004 -22"><span class='ocrx_word' id='word_1_166' title='bbox 560 2822 608 2894; x_wconf 85' lang='lat' dir='ltr'>ad</span> <span class='ocrx_word' id='word_1_167' title='bbox 640 2820 722 2908; x_wconf 88' lang='lat' dir='ltr'>AD,</span> <span class='ocrx_word' id='word_1_168' title='bbox 748 2816 817 2890; x_wconf 92' lang='lat' dir='ltr'>hoc</span> <span class='ocrx_word' id='word_1_169' title='bbox 842 2814 903 2906; x_wconf 87' lang='lat' dir='ltr'>est,</span> <span class='ocrx_word' id='word_1_170' title='bbox 932 2813 974 2886; x_wconf 87' lang='lat' dir='ltr'>ut</span> <span class='ocrx_word' id='word_1_171' title='bbox 997 2811 1063 2886; x_wconf 90' lang='lat' dir='ltr'>FA</span> <span class='ocrx_word' id='word_1_172' title='bbox 1083 2811 1130 2886; x_wconf 89' lang='lat' dir='ltr'>ad</span> <span class='ocrx_word' id='word_1_173' title='bbox 1156 2813 1227 2885; x_wconf 90' lang='lat' dir='ltr'>AD</span> <span class='ocrx_word' id='word_1_174' title='bbox 1260 2816 1311 2916; x_wconf 88' lang='lat'>(9.</span> <span class='ocrx_word' id='word_1_175' title='bbox 1339 2813 1426 2914; x_wconf 90' lang='lat' dir='ltr'>huj.)</span> <span class='ocrx_word' id='word_1_176' title='bbox 1470 2840 1556 2915; x_wconf 81' lang='lat' dir='ltr'>ergo</span> <span class='ocrx_word' id='word_1_177' title='bbox 1578 2819 1627 2894; x_wconf 85' lang='lat' dir='ltr'>est</span> <span class='ocrx_word' id='word_1_178' title='bbox 1649 2817 1708 2896; x_wconf 88' lang='lat' dir='ltr'>PF</span> <span class='ocrx_word' id='word_1_179' title='bbox 1740 2823 1785 2898; x_wconf 88' lang='lat' dir='ltr'>ad</span> <span class='ocrx_word' id='word_1_180' title='bbox 1818 2823 1881 2899; x_wconf 91' lang='lat' dir='ltr'>PE</span> 
     </span>
     <span class='ocr_line' id='line_1_20' title="bbox 455 2926 1301 3028; baseline -0.009 -21"><span class='ocrx_word' id='word_1_181' title='bbox 455 2936 458 2942; x_wconf 86' lang='grc'><strong>’</strong></span> <span class='ocrx_word' id='word_1_182' title='bbox 563 2929 863 3010; x_wconf 87' lang='lat' dir='ltr'>utFAadAD.</span> <span class='ocrx_word' id='word_1_183' title='bbox 914 2926 1079 3028; x_wconf 35' lang='lat' dir='ltr'>QEMD</span> <span class='ocrx_word' id='word_1_184' title='bbox 1194 3021 1196 3027; x_wconf 23' lang='grc' dir='ltr'>Ι</span> <span class='ocrx_word' id='word_1_185' title='bbox 1297 3019 1301 3026; x_wconf 23' lang='lat'>⁸</span> 
     </span>
    </p>
   </div>
   <div class='ocr_carea' id='block_1_7' title="bbox 561 3107 1891 3326">
    <p class='ocr_par' dir='ltr' id='par_1_8' title="bbox 561 3107 1891 3324">
     <span class='ocr_line' id='line_1_21' title="bbox 612 3107 1891 3208; baseline 0.005 -20"><span class='ocrx_word' id='word_1_186' title='bbox 612 3118 708 3189; x_wconf 77' lang='lat' dir='ltr'>Coa.</span> <span class='ocrx_word' id='word_1_187' title='bbox 725 3116 763 3189; x_wconf 94' lang='lat' dir='ltr'>I.</span> <span class='ocrx_word' id='word_1_188' title='bbox 784 3111 922 3205; x_wconf 87' lang='lat' dir='ltr'>Hinc,&#39;</span> <span class='ocrx_word' id='word_1_189' title='bbox 913 3137 950 3186; x_wconf 90' lang='lat' dir='ltr'>1n</span> <span class='ocrx_word' id='word_1_190' title='bbox 966 3107 1084 3208; x_wconf 83' lang='lat' dir='ltr'>Ellipsr</span> <span class='ocrx_word' id='word_1_191' title='bbox 1101 3123 1137 3180; x_wconf 87' lang='lat' dir='ltr'>et</span> <span class='ocrx_word' id='word_1_192' title='bbox 1151 3107 1370 3206; x_wconf 87' lang='lat' dir='ltr'>Hyperbola,</span> <span class='ocrx_word' id='word_1_193' title='bbox 1385 3125 1480 3184; x_wconf 91' lang='lat' dir='ltr'>recta</span> <span class='ocrx_word' id='word_1_194' title='bbox 1497 3107 1555 3184; x_wconf 90' lang='lat' dir='ltr'>PF</span> <span class='ocrx_word' id='word_1_195' title='bbox 1569 3111 1677 3186; x_wconf 87' lang='lat' dir='ltr'>ducta</span> <span class='ocrx_word' id='word_1_196' title='bbox 1692 3111 1738 3187; x_wconf 87' lang='lat' dir='ltr'>ad</span> <span class='ocrx_word' id='word_1_197' title='bbox 1752 3111 1891 3194; x_wconf 85' lang='lat' dir='ltr'>focum</span> 
     </span>
     <span class='ocr_line' id='line_1_22' title="bbox 561 3203 1880 3326; baseline -0.002 -20"><span class='ocrx_word' id='word_1_198' title='bbox 561 3229 612 3306; x_wconf 87' lang='lat' dir='ltr'>est</span> <span class='ocrx_word' id='word_1_199' title='bbox 633 3229 678 3304; x_wconf 89' lang='lat' dir='ltr'>ad</span> <span class='ocrx_word' id='word_1_200' title='bbox 694 3203 753 3304; x_wconf 83' lang='lat' dir='ltr'>PE</span> <span class='ocrx_word' id='word_1_201' title='bbox 768 3223 1094 3326; x_wconf 80' lang='lat' dir='ltr'>perpendicularem</span> <span class='ocrx_word' id='word_1_202' title='bbox 1111 3220 1156 3293; x_wconf 93' lang='lat' dir='ltr'>ad</span> <span class='ocrx_word' id='word_1_203' title='bbox 1178 3221 1413 3313; x_wconf 88' lang='lat' dir='ltr'>directricem,</span> <span class='ocrx_word' id='word_1_204' title='bbox 1435 3239 1477 3296; x_wconf 91' lang='lat' dir='ltr'>ut</span> <span class='ocrx_word' id='word_1_205' title='bbox 1496 3219 1561 3296; x_wconf 86' lang='lat' dir='ltr'>CF</span> <span class='ocrx_word' id='word_1_206' title='bbox 1581 3222 1744 3298; x_wconf 88' lang='lat' dir='ltr'>distantia</span> <span class='ocrx_word' id='word_1_207' title='bbox 1764 3225 1838 3304; x_wconf 87' lang='lat' dir='ltr'>foci</span> <span class='ocrx_word' id='word_1_208' title='bbox 1859 3257 1880 3304; x_wconf 90' lang='lat' dir='ltr'>a</span> 
     </span>
    </p>
   </div>
   <div class='ocr_carea' id='block_1_8' title="bbox 559 3327 1880 3658">
    <p class='ocr_par' dir='ltr' id='par_1_9' title="bbox 559 3327 1880 3645">
     <span class='ocr_line' id='line_1_23' title="bbox 562 3327 1880 3446; baseline -0.005 -25"><span class='ocrx_word' id='word_1_209' title='bbox 562 3365 684 3424; x_wconf 88' lang='lat' dir='ltr'>centro</span> <span class='ocrx_word' id='word_1_210' title='bbox 705 3345 747 3417; x_wconf 80' lang='lat' dir='ltr'>ad</span> <span class='ocrx_word' id='word_1_211' title='bbox 776 3343 843 3417; x_wconf 93' lang='lat' dir='ltr'>CA</span> <span class='ocrx_word' id='word_1_212' title='bbox 864 3334 1056 3416; x_wconf 81' lang='lat' dir='ltr'>semiarrem</span> <span class='ocrx_word' id='word_1_213' title='bbox 1080 3337 1319 3414; x_wconf 82' lang='lat' dir='ltr'>transversum.</span> <span class='ocrx_word' id='word_1_214' title='bbox 1371 3340 1469 3414; x_wconf 90' lang='lat' dir='ltr'>Nam</span> <span class='ocrx_word' id='word_1_215' title='bbox 1493 3327 1557 3446; x_wconf 85' lang='lat' dir='ltr'>per</span> <span class='ocrx_word' id='word_1_216' title='bbox 1578 3341 1660 3415; x_wconf 90' lang='lat' dir='ltr'>Cor.</span> <span class='ocrx_word' id='word_1_217' title='bbox 1683 3363 1784 3438; x_wconf 71' lang='lat' dir='ltr'>praec.</span> <span class='ocrx_word' id='word_1_218' title='bbox 1815 3343 1880 3421; x_wconf 85' lang='lat' dir='ltr'>CF</span> 
     </span>
     <span class='ocr_line' id='line_1_24' title="bbox 560 3451 1874 3553; baseline 0.001 -20"><span class='ocrx_word' id='word_1_219' title='bbox 560 3463 612 3534; x_wconf 89' lang='lat' dir='ltr'>est</span> <span class='ocrx_word' id='word_1_220' title='bbox 639 3461 685 3530; x_wconf 85' lang='lat' dir='ltr'>ad</span> <span class='ocrx_word' id='word_1_221' title='bbox 709 3456 789 3546; x_wconf 90' lang='lat' dir='ltr'>CA,</span> <span class='ocrx_word' id='word_1_222' title='bbox 819 3472 860 3527; x_wconf 91' lang='lat' dir='ltr'>ut</span> <span class='ocrx_word' id='word_1_223' title='bbox 883 3454 953 3550; x_wconf 92' lang='lat' dir='ltr'>CA</span> <span class='ocrx_word' id='word_1_224' title='bbox 974 3455 1020 3527; x_wconf 85' lang='lat' dir='ltr'>ad</span> <span class='ocrx_word' id='word_1_225' title='bbox 1040 3451 1123 3542; x_wconf 90' lang='lat' dir='ltr'>CD,</span> <span class='ocrx_word' id='word_1_226' title='bbox 1154 3475 1239 3548; x_wconf 86' lang='lat' dir='ltr'>crgo</span> <span class='ocrx_word' id='word_1_227' title='bbox 1263 3455 1504 3528; x_wconf 77' lang='lat' dir='ltr'>convertendo</span> <span class='ocrx_word' id='word_1_228' title='bbox 1525 3452 1575 3526; x_wconf 84' lang='lat' dir='ltr'>est</span> <span class='ocrx_word' id='word_1_229' title='bbox 1590 3451 1654 3525; x_wconf 88' lang='lat' dir='ltr'>CF</span> <span class='ocrx_word' id='word_1_230' title='bbox 1671 3455 1716 3528; x_wconf 89' lang='lat' dir='ltr'>ad</span> <span class='ocrx_word' id='word_1_231' title='bbox 1732 3455 1808 3553; x_wconf 88' lang='lat' dir='ltr'>FA,</span> <span class='ocrx_word' id='word_1_232' title='bbox 1835 3477 1874 3534; x_wconf 88' lang='lat' dir='ltr'>ut</span> 
     </span>
     <span class='ocr_line' id='line_1_25' title="bbox 559 3545 1873 3658; baseline 0.004 -18"><span class='ocrx_word' id='word_1_233' title='bbox 559 3573 627 3645; x_wconf 89' lang='lat' dir='ltr'>CA</span> <span class='ocrx_word' id='word_1_234' title='bbox 644 3571 689 3640; x_wconf 88' lang='lat' dir='ltr'>ad</span> <span class='ocrx_word' id='word_1_235' title='bbox 716 3567 801 3654; x_wconf 88' lang='lat' dir='ltr'>AD,</span> <span class='ocrx_word' id='word_1_236' title='bbox 825 3584 906 3636; x_wconf 90' lang='lat' dir='ltr'>tum</span> <span class='ocrx_word' id='word_1_237' title='bbox 921 3545 1126 3637; x_wconf 81' lang='lat' dir='ltr'>alternando</span> <span class='ocrx_word' id='word_1_238' title='bbox 1151 3564 1201 3634; x_wconf 88' lang='lat' dir='ltr'>est</span> <span class='ocrx_word' id='word_1_239' title='bbox 1222 3559 1284 3635; x_wconf 86' lang='lat' dir='ltr'>CF</span> <span class='ocrx_word' id='word_1_240' title='bbox 1306 3563 1355 3636; x_wconf 82' lang='lat' dir='ltr'>ad</span> <span class='ocrx_word' id='word_1_241' title='bbox 1379 3561 1460 3653; x_wconf 87' lang='lat' dir='ltr'>CA,</span> <span class='ocrx_word' id='word_1_242' title='bbox 1484 3581 1525 3638; x_wconf 89' lang='lat' dir='ltr'>ut</span> <span class='ocrx_word' id='word_1_243' title='bbox 1547 3561 1671 3639; x_wconf 85' lang='lat' dir='ltr'>FAad</span> <span class='ocrx_word' id='word_1_244' title='bbox 1694 3569 1778 3658; x_wconf 90' lang='lat' dir='ltr'>AD,</span> <span class='ocrx_word' id='word_1_245' title='bbox 1805 3569 1873 3645; x_wconf 84' lang='lat' dir='ltr'>hoc</span> 
     </span>
    </p>
   </div>
   <div class='ocr_carea' id='block_1_9' title="bbox 543 3668 1876 3777">
    <p class='ocr_par' dir='ltr' id='par_1_10' title="bbox 543 3668 1876 3777">
     <span class='ocr_line' id='line_1_26' title="bbox 543 3668 1876 3777; baseline 0.001 -19"><span class='ocrx_word' id='word_1_246' title='bbox 543 3685 624 3777; x_wconf 45' lang='lat' dir='ltr'>vest,</span> <span class='ocrx_word' id='word_1_247' title='bbox 646 3698 687 3755; x_wconf 91' lang='lat' dir='ltr'>ut</span> <span class='ocrx_word' id='word_1_248' title='bbox 704 3673 763 3754; x_wconf 87' lang='lat' dir='ltr'>PF</span> <span class='ocrx_word' id='word_1_249' title='bbox 779 3675 824 3749; x_wconf 83' lang='lat' dir='ltr'>ad</span> <span class='ocrx_word' id='word_1_250' title='bbox 844 3673 915 3766; x_wconf 88' lang='lat' dir='ltr'>PE,</span> <span class='ocrx_word' id='word_1_251' title='bbox 931 3693 1004 3770; x_wconf 82' lang='lat' dir='ltr'>per</span> <span class='ocrx_word' id='word_1_252' title='bbox 1019 3668 1326 3773; x_wconf 73' lang='lat' dir='ltr'>Proposrtionem5</span> <span class='ocrx_word' id='word_1_253' title='bbox 1343 3697 1429 3776; x_wconf 75' lang='lat' dir='ltr'>ergo</span> <span class='ocrx_word' id='word_1_254' title='bbox 1448 3673 1510 3753; x_wconf 84' lang='lat' dir='ltr'>PP</span> <span class='ocrx_word' id='word_1_255' title='bbox 1525 3677 1577 3752; x_wconf 86' lang='lat' dir='ltr'>est</span> <span class='ocrx_word' id='word_1_256' title='bbox 1596 3681 1643 3754; x_wconf 89' lang='lat' dir='ltr'>ad</span> <span class='ocrx_word' id='word_1_257' title='bbox 1662 3680 1734 3776; x_wconf 89' lang='lat' dir='ltr'>PE,</span> <span class='ocrx_word' id='word_1_258' title='bbox 1754 3699 1795 3758; x_wconf 89' lang='lat' dir='ltr'>ut</span> <span class='ocrx_word' id='word_1_259' title='bbox 1808 3681 1876 3758; x_wconf 78' lang='lat' dir='ltr'>CF</span> 
     </span>
    </p>
   </div>
   <div class='ocr_carea' id='block_1_10' title="bbox 559 3795 1872 3986">
    <p class='ocr_par' dir='ltr' id='par_1_11' title="bbox 542 3795 1872 3986">
     <span class='ocr_line' id='line_1_27' title="bbox 559 3795 1872 3986; baseline 0.002 -17.974"><span class='ocrx_word' id='word_1_260' title='bbox 559 3795 714 3972; x_wconf 50' lang='lat' dir='ltr'>adeldili</span> <span class='ocrx_word' id='word_1_261' title='bbox 733 3889 777 3966; x_wconf 91' lang='lat' dir='ltr'>ll.</span> <span class='ocrx_word' id='word_1_262' title='bbox 817 3887 873 3962; x_wconf 83' lang='lat' dir='ltr'>Ex</span> <span class='ocrx_word' id='word_1_263' title='bbox 895 3881 1193 3962; x_wconf 85' lang='lat' dir='ltr'>demonstratione</span> <span class='ocrx_word' id='word_1_264' title='bbox 1217 3883 1441 3986; x_wconf 78' lang='lat' dir='ltr'>praecedente</span> <span class='ocrx_word' id='word_1_265' title='bbox 1466 3886 1516 3964; x_wconf 91' lang='lat' dir='ltr'>est</span> <span class='ocrx_word' id='word_1_266' title='bbox 1533 3889 1597 3968; x_wconf 90' lang='lat' dir='ltr'>CF</span> <span class='ocrx_word' id='word_1_267' title='bbox 1618 3889 1778 3967; x_wconf 85' lang='lat' dir='ltr'>distantia</span> <span class='ocrx_word' id='word_1_268' title='bbox 1802 3890 1872 3970; x_wconf 85' lang='lat' dir='ltr'>foci</span> 
     </span>
    </p>
   </div>
   <div class='ocr_carea' id='block_1_11' title="bbox 549 3995 1872 4221">
    <p class='ocr_par' dir='ltr' id='par_1_12' title="bbox 549 3995 1872 4221">
     <span class='ocr_line' id='line_1_28' title="bbox 549 3995 1872 4110; baseline 0.004 -31"><span class='ocrx_word' id='word_1_269' title='bbox 549 4033 579 4082; x_wconf 83' lang='lat' dir='ltr'>a</span> <span class='ocrx_word' id='word_1_270' title='bbox 608 4025 730 4082; x_wconf 88' lang='lat' dir='ltr'>centro</span> <span class='ocrx_word' id='word_1_271' title='bbox 755 4001 801 4076; x_wconf 86' lang='lat' dir='ltr'>ad</span> <span class='ocrx_word' id='word_1_272' title='bbox 831 3997 900 4076; x_wconf 88' lang='lat' dir='ltr'>CA</span> <span class='ocrx_word' id='word_1_273' title='bbox 914 3999 1119 4092; x_wconf 82' lang='lat' dir='ltr'>semiaxem,</span> <span class='ocrx_word' id='word_1_274' title='bbox 1151 4017 1192 4073; x_wconf 92' lang='lat' dir='ltr'>ut</span> <span class='ocrx_word' id='word_1_275' title='bbox 1209 3995 1465 4078; x_wconf 88' lang='lat' dir='ltr'>FAdistantia</span> <span class='ocrx_word' id='word_1_276' title='bbox 1491 3999 1560 4078; x_wconf 78' lang='lat' dir='ltr'>feel</span> <span class='ocrx_word' id='word_1_277' title='bbox 1590 4005 1769 4084; x_wconf 87' lang='lat' dir='ltr'>avertice</span> <span class='ocrx_word' id='word_1_278' title='bbox 1791 4031 1872 4110; x_wconf 87' lang='lat' dir='ltr'>pro·</span> 
     </span>
     <span class='ocr_line' id='line_1_29' title="bbox 558 4111 1754 4221; baseline -0.004 -25"><span class='ocrx_word' id='word_1_279' title='bbox 558 4117 719 4221; x_wconf 65' lang='lat' dir='ltr'>piorem</span> <span class='ocrx_word' id='word_1_280' title='bbox 735 4115 810 4192; x_wconf 92' lang='lat' dir='ltr'>DA</span> <span class='ocrx_word' id='word_1_281' title='bbox 830 4113 1032 4204; x_wconf 75' lang='lat' dir='ltr'>distantiam</span> <span class='ocrx_word' id='word_1_282' title='bbox 1048 4111 1239 4193; x_wconf 88' lang='lat' dir='ltr'>directricis</span> <span class='ocrx_word' id='word_1_283' title='bbox 1257 4112 1304 4190; x_wconf 91' lang='lat' dir='ltr'>ab</span> <span class='ocrx_word' id='word_1_284' title='bbox 1321 4113 1449 4194; x_wconf 87' lang='lat' dir='ltr'>eodem</span> <span class='ocrx_word' id='word_1_285' title='bbox 1464 4113 1607 4221; x_wconf 60' lang='lat' dir='ltr'>uertice.</span> <span class='ocrx_word' id='word_1_286' title='bbox 1751 4125 1754 4132; x_wconf 85' lang='lat'>&#39;</span> 
     </span>
    </p>
   </div>
   <div class='ocr_carea' id='block_1_12' title="bbox 1773 4311 1871 4396">
    <p class='ocr_par' dir='ltr' id='par_1_13' title="bbox 1773 4311 1871 4396">
     <span class='ocr_line' id='line_1_30' title="bbox 1773 4311 1871 4396; baseline -0.01 0"><span class='ocrx_word' id='word_1_287' title='bbox 1773 4311 1871 4396; x_wconf 66' lang='lat' dir='ltr'>Cotti</span> 
     </span>
    </p>
   </div>
   <div class='ocr_carea' id='block_1_13' title="bbox 0 0 2032 5462">
    <p class='ocr_par' dir='ltr' id='par_1_14' title="bbox 0 0 2032 5462">
     <span class='ocr_line' id='line_1_31' title="bbox 0 0 2032 5462; baseline 0 2"><span class='ocrx_word' id='word_1_288' title='bbox 0 0 2032 5462; x_wconf 95' lang='lat' dir='ltr'> </span> 
     </span>
    </p>
   </div>
  </div>
 </body>
</html>
