4054 5462
298 447 595 572 sationum
625 443 940 564 Conic'crrum
983 447 1110 566 Lib.
1140 449 1216 564 II.
1353 457 1430 604 87

130 652 324 746 tooursrtm,
339 647 379 726 dt
391 647 613 740 Parubolrm,
637 665 741 724 erunt
762 648 808 723 ed
822 648 880 724 l'e
871 647 1024 728 invitem
1041 665 1082 724 ut
1101 651 1287 746 parametri
1301 651 1432 725 diame-

127 786 275 861 trorum,
303 765 433 864 quibus
457 763 696 886 ipstsetmter
718 762 910 839 ordimt'inr
933 763 1162 860 applicantur,
1183 783 1224 838 ut
1251 783 1347 860 patet
1368 785 1431 862 per

125 884 367 1056 Prffdairiii.
396 977 460 1056 vel
480 973 506 1052 sr
528 995 623 1054 reeta
644 974 855 1050 Parabolatn
871 975 1079 1072 contingens
1097 995 1255 1052 ooeurrat
1284 975 1429 1060 secanti,

123 1111 224 1187 patet
254 1117 298 1166 ex
324 1089 460 1166 duabus
494 1086 784 1183 precedentibus,
813 1087 911 1182 quod
936 1088 1148 1210 qpadratrrnt
1178 1112 1222 1162 err
1251 1087 1430 1183 segmento

122 1203 359 1300 contingentis
371 1203 464 1276 irttet
478 1199 661 1276 occursum
677 1215 714 1272 et
724 1215 929 1272 centetum
943 1197 1028 1295 ejus,
1046 1201 1111 1273 erit
1126 1202 1171 1273 ad
1187 1202 1431 1296 roctangulum

10 1383 11 1388 ,
123 1335 335 1392 contentum
369 1313 556 1410 segmentis
578 1311 727 1386 secantis
756 1312 845 1393 inter
865 1311 1050 1388 occursum
1075 1315 1112 1386 dt
1135 1313 1355 1404 Parabolam,
1389 1335 1430 1387 ut

122 1445 324 1520 peremater
349 1423 512 1501 diametri
541 1443 620 1520 que
648 1443 709 1518 per
736 1440 940 1498 oonmcntm
968 1418 1089 1496 trenfit
1118 1423 1163 1498 ad
1190 1439 1430 1521 parametrum
1546 1515 1549 1522 .

121 1539 287 1614 diametri
300 1564 356 1612 cur
348 1539 443 1635 ipsa
457 1539 572 1610 secans
589 1537 777 1610 ordinatim
791 1537 994 1634 applicatur.
1086 1599 1090 1608 .

180 1637 358 1710 Con.1V
387 1636 568 1729 Qoniam
600 1635 845 1744 rectangulurrr
874 1633 969 1708 ΑΕΒ
994 1655 1200 1710 contentum
1227 1637 1364 1710 summi
1388 1643 1426 1714 δι

121 1748 323 1825 differentia
349 1750 589 1821 ordinatarum
613 1746 689 1836 BG,
707 1737 775 1820 DL
798 1747 934 1840 torale
959 1749 1007 1820 est
1033 1749 1236 1844 rectangulo
1262 1767 1427 1824 contento

122 1879 323 1960 parametro
339 1859 416 1936 P&
431 1860 501 1934 ED
518 1858 713 1933 differentia
725 1857 963 1945 abscissurum,
986 1858 1051 1932 erit
1071 1879 1266 1958 parameter
1282 1859 1423 1955 alicujus

119 1977 283 2056 diametri
299 1972 535 2054 adsummam
557 1972 960 2052 duerumerdimtarum
974 1989 1015 2048 ut
1035 1995 1158 2048 etrum
1172 1973 1367 2048 differentia
1379 1973 1426 2044 ad

119 2087 359 2164 differmtiam
390 2086 617 2162 abscissurum.

589 2318 796 2400 PROP.
858 2319 930 2398 IV.

121 2517 160 2604 Si
178 2546 200 2598 a
218 2533 361 2628 puncto
376 2512 560 2624 Ellipseos
577 2513 736 2593 ducatur
753 2509 799 2590 ad
818 2511 1049 2590 diametrum
1070 2511 1139 2588 AB
1173 2529 1273 2590 recta
1292 2513 1365 2594 PG
1385 2515 1418 2594 ei
1453 2553 1526 2614 Fre.
1543 2570 1566 2612 2,

177 2643 380 2726 ordinatim
405 2639 613 2756 applicata·
638 2637 713 2718 erit
738 2635 971 2750 quadratum
1000 2663 1049 2716 ex
1077 2633 1247 2715 ordinata
1271 2643 1416 2745 aequale

179 2770 400 2886 rectangulo
428 2783 630 2850 contento
641 2763 719 2846 una
744 2761 894 2846 abscissa
912 2761 984 2844 GB
1012 2765 1051 2842 dc
1080 2780 1185 2872 parte
1215 2771 1418 2874 purametri

178 2895 365 2980 diametri
372 2894 457 2990 AB,
487 2917 573 2998 quae
599 2887 653 2972 est
669 2886 720 2976 ad
737 2903 876 2980 toturn,
907 2905 949 2967 ut
974 2886 1090 2968 altera
1107 2888 1241 2971 abcissa
1260 2894 1339 2971 AG
1366 2893 1415 2977 ad

178 3024 411 3110 diametrum
428 3017 587 3102 ΑΒ.

136 3291 139 3298 .
234 3211 412 3292 Diametri
436 3209 570 3285 vertice
587 3207 617 3286 B
632 3209 781 3282 ducatur
798 3219 893 3282 tecta
911 3203 981 3282 BH
1003 3207 1178 3286 diametro
1193 3213 1427 3313 perpendicu.

250 3329 345 3417 latis,
358 3323 529 3426 ipsusque
541 3339 740 3418 parametro
757 3319 899 3416 equalis
911 3321 1101 3420 ,jungatur
1117 3321 1191 3396 ΑΗ
1205 3321 1243 3396 dr
1259 3349 1280 3398 a
1294 3343 1429 3426 puncto

114 3445 152 3518 G
164 3443 316 3518 ducatur
328 3455 422 3515 recta
435 3432 597 3538 paralleli
609 3431 672 3530 ipsi
683 3431 765 3527 BH,
791 3455 976 3511 occurrent
990 3431 1052 3532 ipsr
1062 3433 1138 3510 AH
1159 3436 1195 3510 in
1208 3435 1253 3530 K,
1270 3443 1307 3512 δι
1328 3463 1426 3516 com.

115 3557 254 3658 pleatur
278 3550 525 3651 remnguum
541 3543 696 3643 BGKL·
727 3547 794 3624 erit
809 3547 1023 3648 quadrantur
1043 3571 1090 3626 ex
1105 3549 1172 3626 FG
1188 3551 1270 3626 huic
1285 3571 1428 3633 recten

211 3665 356 3766 equale

116 3673 271 3856 guidam
288 3773 450 3896 perCor
468 3795 500 3846 1.
520 3767 660 3850 adffnef
680 3795 712 3848 2.
723 3777 968 3872 rectanfflrlutn
978 3775 1078 3849 AGB
1093 3776 1143 3848 est
1157 3778 1200 3848 ad
1211 3775 1434 3870 quadratum

115 3921 162 3971 ex
183 3893 264 3988 FG,
288 3909 330 3969 ut
346 3891 519 3965 diameter
542 3887 606 3960 AB
638 3887 684 3960 ad
713 3905 953 3987 paramttrum
977 3887 1050 3983 ejus
1076 3886 1154 3978 BH,
1184 3885 1253 3960 five
1284 3899 1426 3983 propter

115 3951 312 4106 marein,
327 4023 368 4084 ut
381 4005 453 4084 no
473 4001 518 4078 ar
531 4000 615 4094 rto,
640 4000 708 4076 noe
728 3999 791 4092 err,
818 4019 860 4075 ut
877 4001 974 4074 ruem
997 4000 1240 4097 tanagrum
1262 3995 1360 4074 non
1374 3992 1421 4065 m

116 4117 365 4222 mmm
376 4111 496 4200 KGB.
524 4135 609 4215 ergo
623 4111 897 4215 quadretumex
912 4109 979 4189 FG
998 4107 1194 4210 esttequale
1220 4104 1423 4202 tetrangulo
