4054 5462
355 412 657 534 Senianum
679 413 996 536 Conicarum
1024 421 1152 540 Lib.
1177 421 1203 539 I
1209 423 1254 540 Ι.
1353 459 1475 584 ιιι)

151 613 248 688 dine
266 614 420 711 easdem,
448 642 534 692 nam
559 617 730 715 srpoffint
753 641 861 694 omne
886 625 1062 716 punctum
1081 622 1127 722 in
1156 648 1226 697 una
1251 621 1372 720 Ellipsr
1402 625 1484 700 esset
1533 605 1536 614 ’

153 731 275 806 etiam
296 733 332 806 in
352 733 460 807 altera
479 741 558 829 (per
584 731 664 810 Cor.
683 757 740 830 34.
767 735 903 825 libr.)
933 733 1000 810 hoe
1026 737 1088 832 est,
1116 738 1194 836 ipsae
1220 737 1366 834 Ellipses
1386 725 1480 812 coin-

153 849 349 937 ciderent·
365 849 457 924 datis
470 851 576 949 igitur
589 851 918 926 duabusdiametris
928 850 1124 952 conjugatis
1133 854 1300 952 Ellipseos
1314 853 1482 976 positione

152 981 198 1036 et
214 963 472 1060 magnitudine,
490 964 593 1038 datur
611 965 682 1063 ipsa
699 963 836 1062 Ellipsrs
850 983 886 1037 et
901 965 1048 1076 proinde
1068 969 1198 1042 dantur
1213 991 1295 1041 axes
1310 965 1382 1060 ejus
1397 963 1484 1062 post-

152 1079 264 1150 tione
276 1098 311 1151 et
333 1077 599 1174 magnitudine,
625 1077 705 1148 hra
696 1097 805 1174 rgrtur
829 1079 981 1154 inventis
983 1101 1073 1180 ,per
1099 1083 1203 1178 Prop.
1228 1080 1333 1180 phu
1336 1107 1390 1172 us
1413 1080 1488 1238 ipsa

154 1189 303 1290 Ellipsts
309 1193 460 1267 describi
475 1193 591 1291 potest
604 1209 645 1266 ut
660 1193 698 1265 in
707 1189 790 1266 casu
800 1196 1031 1291 praecedente

359 1429 570 1514 PROP.
627 1431 795 1516 XXXV.
853 1431 1123 1516 PROBL:
1178 1433 1229 1515 V.

159 1615 278 1704 Datis
296 1620 479 1731 politione
496 1625 535 1704 ιι
554 1621 819 1734 magnitudine
837 1587 984 1707 duabus
1003 1623 1115 1708 rectis
1112 1619 1206 1704 se
1194 1621 1360 1706 invicem
1379 1623 1477 1704 bifa

223 1745 319 1826 riam
339 1745 573 1846 secantibus3
562 1751 841 1860 ·Hyperbolas
861 1729 1048 1858 oppositas
1076 1747 1285 1830 describere
1310 1759 1484 1858 quarum'

223 1871 319 1953 datae
339 1892 447 1955 rectae
461 1875 533 1955 fint
553 1875 729 1957 diametri
743 1875 1025 1984 conjugatae
1121 1905 1124 1912 ’

244 2057 354 2130 ΙΝΤ
380 2063 540 2154 primurn
559 2061 635 2148 AB,
659 2056 743 2132 MN
768 2060 861 2131 datae
886 2076 991 2132 rectae
1018 2057 1089 2131 se
1080 2059 1235 2131 invicem
1262 2059 1305 2131 ad
1332 2061 1478 2158 angulos
1510 2069 1577 2128 Fre.
1600 2069 1644 2127 26.

256 2183 370 2242 tectos
396 2165 559 2241 bifariam
582 2166 735 2242 secantes
763 2169 800 2244 in
825 2165 872 2258 C,
888 2165 1061 2266 jungatur
1084 2167 1164 2250 AM
1185 2173 1223 2244 δι
1245 2191 1264 2242 ι
1291 2190 1424 2264 puncto
1449 2176 1480 2248 C

158 2281 348 2354 firmantur
373 2279 540 2374 utrinque
569 2279 605 2352 in
623 2297 718 2354 recta
739 2277 804 2354 AB
831 2281 1001 2376 producta
1034 2277 1221 2378 segmenta
1250 2279 1312 2356 GF
1344 2293 1393 2356 et'
1412 2283 1481 2357 CO

158 2391 395 2488 aequaliaipfi
412 2390 520 2480 AM,
539 2390 773 2492 ard-punctum
790 2391 941 2466 Oaffixa
962 2387 1230 2464 s1t.extrotnitas
1257 2393 1386 2487 regutae
1408 2397 1480 2470 OG

157 2521 204 2577 ut
224 2497 318 2572 circa
333 2515 508 2594 punctum
533 2493 603 2567 hoe
634 2511 806 2592 tartonam
829 2515 998 2576 centrum
1013 2501 1128 2574 libere
1147 2502 1338 2600 circumagi
1354 2507 1478 2600 pollite

158 2621 202 2690 δι
217 2611 330 2686 'alteri
359 2607 491 2705 regulae
522 2611 736 2684 extremitati
761 2609 1031 2683 Gannectatur
1059 2609 1273 2684 crttrerrtitas¹
1298 2611 1350 2686 fili
1381 2617 1480 2711 cujus

159 2723 424 2821 longitudinem
452 2721 574 2814 regula
601 2721 672 2794 OG
701 2723 839 2798 excedit
870 2721 1068 2817 quantitate
1102 2721 1229 2816 aequali
1265 2745 1369 2798 recrae
1401 2725 1478 2821 ΑΒ,

159 2839 303 2936 figatur
316 2837 428 2907 altera
447 2833 649 2904 extrernilas
659 2833 746 2905 fili
739 2857 773 2908 ιιι
791 2849 925 2931 puncto
954 2829 999 2922 ll,
1024 2837 1066 2904 δι.
1075 2837 1281 2910 adducatur·
1290 2841 1400 2918 filuni
1404 2851 1480 2944 ope'

160 2949 300 3048 paxilli
310 2945 338 3018 P
362 2945 407 3015 ιιι
428 2944 517 3016 latua
542 2944 687 3041 regulae
682 2945 797 3037 OG,
813 2963 849 3020 et
870 2944 974 3044 juata
987 2941 1123 3038 ipsum·
1142 2949 1316 3044 tendatur,
1347 2958 1477 3034 deinde

161 3077 351 3134 moveatur
365 3055 537 3152 regula
507 3079 604 3132 circa
618 3075 795 3153 punctum
813 3055 1186 3149 O‚etrntereas1lum
1203 3008 1333 3154 paxillo
1347 3065 1482 3141 disten

161 3191 244 3248 turn
261 3171 402 3266 semper
415 3169 542 3272 regol'ae
557 3169 772 3263 applicatum
789 3183 973 3258 teneatur,
997 3170 1191 3263 paxillus?
1209 3193 1309 3250 motu
1328 3173 1388 3250 suo
1405 3181 1477 3254 des·

163 3285 280 3358 cribet
298 3302 409 3352 unam
423 3303 468 3351 ex
485 3278 705 3374 Hyperbolis·
726 3282 891 3382 oppositis
907 3299 1060 3430 quatum
1076 3303 1177 3357 rectae
1194 3281 1271 3375 AB,
1294 3286 1376 3360 MN
1398 3291 1477 3366 sunt

163 3393 330 3470 diametri
346 3389 549 3486 conjugatae.
685 3429 737 3468 ,·.
771 3445 774 3462 1

214 3503 460 3598 Intelligantur
477 3503 574 3573 enim
590 3497 808 3596 Hyperbolae
828 3445 991 3602 opposita
1011 3454 1155 3576 describi
1180 3512 1257 3604 (per
1273 3530 1330 3606 35.
1324 3437 1411 3585 lib.
1428 3517 1473 3602 ι.)

161 3645 318 3720 quarum
335 3617 399 3691 AB
418 3615 458 3690 ιιι
478 3619 647 3690 diameter
672 3619 870 3712 transversa,
903 3627 941 3698 δι
966 3622 1049 3694 ΜΝ
1071 3622 1242 3696 diameter
1269 3628 1417 3700 secunda
1442 3633 1472 3704 ei

161 3733 372 3831 conjugata,
402 3727 467 3798 erit
492 3743 667 3821 punctum
691 3727 724 3798 C
751 3749 926 3820 centrum,
954 3751 990 3803 et
1030 3735 1201 3823 quoniam
1225 3735 1278 3804 ιιι
1315 3738 1476 3813 diametri

165 3847 358 3940 conjugata
387 3837 421 3910 se
452 3837 604 3910 invicem
643 3835 688 3908 ad
720 3837 866 3932 angulos
903 3855 1014 3911 rectos
1043 3841 1171 3940 secant,
1210 3845 1274 3914 erit
1309 3845 1369 3916 AB
1404 3849 1478 3921 axis

163 3955 386 4045 transversus,
402 3969 438 4024 et
456 3949 539 4022 MN
556 3949 629 4023 axis
644 3949 827 4041 secundus,
857 3967 892 4022 et
914 3951 1061 4046 proinde
1076 3969 1180 4024 erunt
1196 3973 1327 4048 puncta
1341 3957 1370 4028 F
1386 3979 1421 4034 et
1443 3963 1477 4036 0

163 4067 454 4165 Hyperbolarum
480 4061 561 4154 soci,
591 4085 653 4161 per
684 4061 978 4136 constructionem
1009 4067 1047 4138 δι
1075 4063 1155 4137 Cor.
1187 4087 1217 4139 a.
1250 4069 1294 4140 ad
1322 4067 1405 4144 Def.
1435 4095 1472 4170 5.

166 4181 339 4283 quoniam
361 4200 444 4253 vero
469 4175 619 4256 excelsus
643 4177 770 4277 regula
789 4173 888 4255 GPO
911 4175 1011 4276 supra
1037 4175 1139 4254 filum
1157 4175 1254 4254 GPF
1276 4177 1317 4256 fit
1331 4188 1474 4282 aqualis

1287 4365 1289 4368 .
1409 4299 1470 4394 ipsi
