4054 5462
524 383 605 531 84
712 369 1005 490 Sestionum
1036 363 1348 483 Conicarum
1372 360 1497 483 Lib.
1530 359 1607 480 ΙΙ.

566 668 660 743 Con.
690 668 714 744 1.
733 667 767 742 Si
784 693 804 740 a
820 692 949 766 puncto
965 664 1128 770 Ellipseos
1145 684 1204 738 ant
1225 661 1435 756 Hyperbolae
1452 662 1599 733 ducatur
1620 655 1664 728 ad
1687 654 1828 726 diame-

523 801 618 858 trum
633 794 724 880 (quae
741 785 775 855 in
790 785 993 882 Hyperbola
1006 791 1053 861 est
1065 778 1265 865 transversa)
1283 795 1375 849 recta
1390 779 1420 847 ei
1431 775 1621 846 ordinatim
1634 773 1830 868 applicata;

524 900 766 995 rectangulum
786 920 994 974 contentum
1022 898 1166 974 abscissis
1191 889 1351 967 diametri
1378 892 1466 963 inter
1493 893 1642 962 vertices
1669 885 1755 983 ejus,
1772 888 1831 1003 Ιὅτ

525 1012 735 1100 ordinaram,
752 1009 817 1082 erit
832 1015 876 1084 ad
889 1015 991 1108 quadr
1001 1033 1103 1087 atum
1119 1031 1163 1081 ex
1180 1006 1350 1091 ordinata,
1376 1021 1415 1074 ur
1430 1003 1498 1098 ipsa
1513 1003 1683 1075 diameter
1697 999 1740 1070 ad
1753 1019 1834 1088 ejus

525 1139 771 1219 parametrum.
822 1124 919 1196 Nam
941 1148 1003 1220 per
1028 1127 1109 1197 Cor.
1131 1145 1159 1196 1.
1180 1142 1237 1216 3¹·
1262 1124 1298 1192 δι
1318 1115 1399 1191 Def.
1424 1139 1479 1210 ²4·
1505 1114 1563 1226 lib.
1588 1139 1616 1187 1.
1634 1113 1836 1184 hoccerec-

524 1235 713 1330 tangulum
734 1235 784 1308 est
808 1239 851 1308 ad
868 1239 1080 1330 quadratum
1105 1233 1347 1320 exordinata,
1377 1249 1417 1303 ut
1450 1229 1661 1323 quadratum
1687 1248 1731 1296 ex
1754 1223 1836 1315 ipsa

364 1409 373 1420 ,
526 1350 697 1420 diametro
716 1348 759 1419 ad
773 1349 985 1441 quadratum
1000 1375 1043 1422 ex
1061 1347 1134 1445 ejus
1149 1344 1343 1440 conjugata,
1366 1343 1433 1414 hoc
1448 1341 1509 1430 est,
1529 1359 1567 1414 ut
1578 1337 1648 1436 ipsa
1661 1336 1840 1408 diameter

528 1462 571 1532 ad
588 1459 660 1555 ejus
676 1480 926 1553 parametrum‚
944 1487 1004 1558 per
1017 1461 1095 1536 Det
1115 1482 1214 1554 praec.
1232 1463 1268 1532 ὅτ
1282 1461 1365 1530 Cor.
1382 1457 1488 1530 20.·6.
1512 1493 1517 1504 ·

579 1571 676 1642 Con.
708 1570 751 1640 ΙΙ.
776 1571 812 1643 Si
835 1597 856 1642 a
876 1594 1007 1667 puncto
1023 1573 1235 1675 Hyperbolae
1257 1573 1403 1644 ducatur
1419 1568 1462 1638 ad
1479 1567 1694 1639 diametrum
1710 1561 1837 1635 seeun-

527 1687 612 1758 dam
634 1701 727 1753 recta
753 1685 785 1754 ei
810 1685 999 1756 ordinatim
1018 1687 1210 1780 applicara;
1245 1687 1310 1756 erit
1337 1683 1475 1753 summa
1507 1681 1758 1775 quadratorum
1786 1697 1840 1748 ex

528 1794 782 1870 semidiametro
804 1791 964 1883 secunda,
994 1814 1029 1866 et
1055 1793 1128 1896 ejus
1143 1795 1321 1888 segmento
1344 1795 1434 1862 inter
1449 1811 1613 1862 centrum
1637 1797 1672 1863 δι
1692 1789 1841 1859 ordina-

529 1929 616 1996 tam,
641 1905 686 1976 ad
700 1903 913 1996 quadratum
935 1931 980 1984 ex
1003 1905 1174 1992 ordinata,
1203 1922 1244 1976 ut
1273 1903 1498 1996 (quadratum
1516 1924 1561 1974 ex
1584 1899 1646 1980 ista
1660 1899 1841 1970 diametro

531 2021 690 2110 secunda,
720 2021 764 2091 ad
793 2021 1005 2115 quadratum
1031 2047 1074 2093 ex
1089 2023 1261 2094 diametro
1289 2015 1349 2114 ipsi
1367 2015 1552 2110 conjugata
1574 2038 1636 2110 per
1656 2016 1757 2106 Prop.
1776 2033 1841 2106 32.

533 2134 592 2208 lib.
617 2157 644 2205 ι.
662 2131 729 2202 hoc
742 2131 791 2202 est
804 2137 858 2216 ur)
884 2133 954 2225 ipsa
974 2135 1144 2207 diameter
1175 2133 1324 2206 secunda
1340 2131 1383 2202 ad
1401 2127 1503 2224 ipsius
1525 2145 1762 2224 parametrum
1774 2147 1844 2224 per

536 2245 616 2318 Def.
633 2267 735 2335 praec.
756 2248 793 2314 &
805 2245 884 2314 Cor.
901 2267 958 2316 20.
974 2245 1009 2315 6.

1041 2453 1249 2534 enon.
1307 2391 1380 2531 ι.Ι

539 2593 733 2702 Qadrata
751 2611 940 2674 rectarum
966 2623 1051 2702 quae
1069 2598 1254 2676 diametro
1268 2592 1457 2676 Parabolae
1482 2593 1692 2674 ordinatim
1710 2593 1842 2702 appli-

455 2749 461 2758 ’
588 2739 721 2799 cantur
741 2717 899 2826 aequalia
924 2716 1011 2799 sunt
1031 2722 1256 2830 rectangulis
1276 2723 1463 2802 contentis
1483 2722 1662 2802 diametri
1677 2721 1838 2802 absciffis

596 2845 733 2950 &ejus
753 2861 980 2953 parametm.
1062 2933 1064 2938 ,

656 3029 793 3102 Puncto
817 3029 995 3102 Parabolae
1022 3031 1050 3100 B
1078 3031 1226 3104 ducatur
1249 3048 1342 3104 recta
1366 3028 1433 3102 BG
1456 3031 1644 3103 ordinatim
1669 3031 1846 3127 applicata

668 3141 842 3212 diametro
865 3139 924 3211 FL
940 3139 1039 3236 cujus
1063 3161 1188 3216 vertex
1207 3141 1257 3215 est
1284 3143 1327 3234 F,
1351 3148 1387 3216 δι
1403 3138 1443 3214 stt
1469 3141 1607 3215 rectaP
1633 3143 1735 3216 tertia
1762 3165 1846 3238 pro-

539 3251 741 3349 portionalis
773 3249 918 3323 absciffae
952 3250 1015 3322 GF
1044 3247 1082 3323 &
1113 3254 1283 3330 ordinatae
1321 3253 1397 3343 BG,
1440 3255 1507 3328 erit
1537 3254 1613 3328 haec
1648 3274 1852 3354 parameter

540 3364 702 3436 diametri
728 3361 787 3434 FL
802 3386 863 3458 per
887 3359 969 3436 Des.
991 3387 1019 3436 1.
1040 3361 1155 3458 hujus,
1181 3363 1219 3438 ἃ
1242 3367 1307 3458 erit
1329 3367 1540 3460 quadratum
1556 3391 1601 3438 ex
1622 3367 1687 3440 BG
1712 3368 1846 3462 aequale

542 3472 745 3563 rectangulo
769 3471 836 3542 GF
865 3475 1048 3548 intectam
1072 3473 1126 3562 P;
1153 3473 1179 3546 fi
1203 3499 1298 3548 nunc
1323 3477 1471 3548 ducatur
1496 3479 1632 3570 quaevis
1662 3477 1729 3552 alia
1752 3499 1847 3558 recta

542 3577 613 3652 DL
621 3579 810 3649 ordinatim
825 3582 995 3673 applicata
1007 3585 1179 3655 diametro
1192 3583 1263 3672 FL,
1293 3609 1355 3681 per
1368 3585 1469 3682 Prop.
1488 3610 1504 3657 2
1509 3613 1543 3684 9.
1561 3591 1620 3667 lib.
1648 3569 1677 3665 ι.
1695 3593 1846 3688 quadra-

542 3710 685 3767 rumex
710 3690 775 3761 DL
791 3688 840 3760 est
864 3692 909 3766 ad
925 3693 1136 3786 quadrarum
1154 3720 1199 3768 ex
1220 3699 1296 3790 BG,
1325 3717 1367 3772 ut
1388 3699 1448 3773 LF
1463 3705 1507 3776 ad
1530 3703 1610 3796 GF,
1639 3706 1705 3780 hoc
1720 3707 1779 3794 est,
1803 3723 1847 3777 ut

545 3804 790 3901 rectangulum
802 3801 862 3874 LF
877 3804 912 3876 in
926 3806 967 3896 P,
984 3807 1027 3878 ad
1047 3813 1291 3907 rectangulum
1307 3811 1371 3885 GF
1394 3815 1429 3886 in
1444 3817 1494 3904 P;
1526 3827 1609 3914 ergo
1636 3821 1850 3913 quadratum

548 3943 593 3990 ex
608 3917 675 3989 DL
693 3915 799 3990 estad
824 3917 1067 4013 rectangulum
1079 3919 1140 3991 LF
1161 3921 1197 3994 in
1220 3924 1260 4014 P,
1289 3943 1330 3998 ut
1346 3928 1556 4019 quadratum
1570 3953 1614 4002 ex
1626 3927 1692 4002 BG
1706 3931 1757 4006 ad¹
1773 3955 1846 4003 rec-

549 4027 735 4123 ungulum
749 4027 816 4100 GF
828 4031 864 4101 in
877 4033 917 4118 P,
929 4032 995 4102 hoc
1010 4031 1119 4118 est,in
1132 4035 1264 4112 ratione
1274 4039 1488 4136 aequalitatis.
1523 4041 1569 4119 Et
1580 4043 1661 4120 inde
1676 4045 1846 4139 Apollonius

550 4137 640 4214 hanc
655 4137 785 4215 lineam
801 4138 985 4216 Parabolam
995 4141 1202 4222 nominavit.
1449 4216 1454 4224 .
1691 4157 1786 4256 QE.
1799 4156 1844 4232 D.

1742 4269 1836 4344 Con.
