4156 5474
398 436 692 558 Sessionum
720 433 1035 555 Conicarum
1064 437 1192 556 Lib.
1218 443 1297 559 V.
1393 456 1473 568 18
1485 493 1518 602 7

228 651 402 735 punctum
415 658 608 709 commune
622 649 746 730 praeter
762 649 893 725 puncta
912 647 1106 724 contactus,
1136 650 1215 708 tum
1231 637 1276 709 ab
1302 638 1369 712 hoc
1394 659 1528 738 puncto

226 749 422 840 communi,
438 747 545 821 ductd
560 747 605 820 ad
627 764 857 818 communem
883 745 1098 832 diametrum
1122 747 1311 825 ordinatim
1342 754 1528 849 applicate,

226 881 267 935 ut
285 865 382 958 prius
394 859 594 933 ostendetur
622 857 789 932 sectiones
811 857 942 931 habere
956 876 1125 952 quartum
1142 880 1317 955 punctum
1330 887 1527 938 commune

226 995 348 1050 contra
364 976 622 1072 precedentem
636 1009 646 1060 3
665 973 816 1068 ideoque
828 974 864 1046 in
877 973 975 1048 omni
990 973 1069 1044 casu
1097 973 1174 1045 duae
1198 975 1365 1052 sectiones
1390 980 1423 1051 se
1439 978 1529 1051 invi·

226 1113 306 1162 cern
322 1091 358 1163 in
373 1090 512 1162 duobus
522 1090 662 1188 punctis
676 1086 921 1183 contingentes
941 1087 976 1160 in
993 1087 1061 1160 alio
1072 1103 1205 1188 puncto
1215 1111 1285 1164 non
1298 1090 1359 1166 srbi
1374 1093 1527 1167 invicem

225 1219 418 1278 occurrent.
485 1199 582 1302 ΞΕ.
596 1203 644 1275 D.

690 1408 781 1491 PR
800 1412 838 1491 O
859 1409 902 1491 Ρ.
961 1411 1077 1492 ΧΙΙΙ.Ι

227 1597 265 1682 Si
277 1597 439 1682 circulus
463 1597 668 1682 sectionem
684 1599 857 1682 conicam
880 1597 941 1680 vel
959 1599 1139 1682 sectiones
1155 1602 1342 1710 oppositas
1356 1599 1394 1682 in
1420 1601 1519 1684 duo·

281 1726 352 1806 bus
367 1724 515 1834 punctis
533 1727 729 1835 contingat
744 1763 756 1820 ς
772 1744 872 1808 recta
885 1727 1052 1835 jungens
1070 1746 1263 1810 contactus
1280 1728 1350 1810 erit
1368 1729 1430 1810 axi
1443 1731 1522 1812 sec·

279 1850 391 1931 tionis
408 1848 614 1930 ordinatim
641 1848 837 1960 applicata.

223 1973 318 2054 Etsi
337 1974 541 2055 ordinatim
553 1973 597 2052 fit
616 1975 801 2079 applicata
817 1973 879 2050 axi
892 1973 1063 2053 sectionis
1077 1974 1145 2082 qui
1171 1973 1210 2052 in
1234 1975 1366 2083 Ellipsr
1380 1979 1420 2055 dc
1432 1977 1520 2084 Hy·

281 2098 437 2209 perbola
454 2095 509 2174 est
520 2093 758 2190 transversus,
771 2094 933 2177 circulus
953 2097 1061 2178 cadet
1074 2115 1174 2179 totus
1190 2101 1287 2180 intra
1297 2100 1520 2198 sectionem
1553 2179 1557 2186 .

279 2221 411 2302 fivero
423 2217 468 2300 fit
483 2217 687 2300 ordinatim
704 2215 888 2328 applicata
904 2219 966 2300 axi
980 2218 1144 2300 secundo
1158 2221 1340 2332 Ellipseos
1352 2243 1416 2304 aut
1430 2227 1523 2335 Hy·

280 2343 479 2456 perbolaes
518 2341 680 2426 circulus
714 2343 823 2424 cadet
851 2359 953 2430 totus
987 2361 1094 2424 extra
1122 2345 1310 2453 Ellipsrm,
1339 2348 1399 2428 vel
1419 2367 1526 2430 extra

281 2475 484 2566 utramque
498 2449 777 2564 Hyperbolam.

322 2631 417 2707 UM
431 2625 581 2704 circulus
594 2623 776 2722 contingat
793 2622 829 2696 in
844 2621 985 2696 duobus
996 2619 1136 2719 punctis
1150 2617 1309 2716 Ellipsrm
1338 2640 1398 2698 aut
1416 2622 1527 2721 oposr.

337 2763 392 2818 tas
408 2739 644 2835 Hyperbolus,
673 2735 700 2807 ss
728 2745 938 2808 communes
966 2734 1210 2829 contingentes
1239 2729 1308 2808 stnt
1336 2735 1526 2830 parailelae,

222 2855 480 2954 rectajungens
495 2865 688 2938 contactus,
706 2847 772 2920 erit
794 2863 868 2918 tarn
883 2845 1056 2936 sectionis,
1072 2867 1183 2939 quam
1197 2847 1318 2920 circuli
1333 2848 1521 2940 diameter,

222 2973 357 3071 etquis
373 2983 516 3066 propter
527 2960 711 3050 circulum,
727 2957 799 3032 baec
813 2957 985 3033 diameter
1009 2961 1057 3032 est
1072 2959 1358 3054 contingentibus
1372 2983 1522 3059 perpen-

219 3085 384 3168 dicularis
397 3081 463 3158 erit
477 3079 551 3154 axis
565 3075 723 3150 sectionis
750 3071 892 3165 conicae,
908 3091 950 3148 ut
964 3089 1060 3170 petet
1074 3097 1118 3146 ex
1140 3074 1223 3146 Cor.
1249 3095 1283 3146 2.
1302 3092 1338 3169 7.
1353 3073 1415 3146 lib.
1434 3099 1465 3151 2.
1484 3093 1523 3150 et

221 3189 603 3278 sisitaxistranversus,
622 3185 887 3260 circuluscadet
909 3202 1004 3258 totus
1014 3203 1113 3258 extra
1130 3180 1291 3280 Ellipfint
1311 3183 1369 3256 vel
1384 3202 1519 3258 utram·
1649 3215 1654 3224 ·

220 3333 293 3406 que
310 3300 568 3402 Hyperbolam,
582 3293 680 3370 velst
701 3293 743 3368 srt
755 3294 830 3368 axis
846 3295 1018 3368 secundus
1045 3293 1224 3392 Ellipseos,
1253 3293 1404 3368 circulus
1419 3297 1523 3368 cadet

220 3440 317 3497 totus
330 3420 421 3492 intro
434 3409 605 3512 Ellipsrm‚
618 3407 791 3505 perPtop.
810 3412 844 3483 Β.
855 3407 917 3485 lib.
933 3433 965 3486 2.

246 3533 338 3608 Pars.
359 3551 390 3605 1.
404 3526 441 3599 Si
450 3546 536 3598 vero
551 3521 702 3596 circulus
711 3517 857 3594 HRET
872 3519 1053 3618 contingat
1069 3517 1257 3594 sectionem
1273 3516 1331 3593 vel
1349 3519 1522 3618 opposrtas
1551 3529 1623 3594 Fre.
1636 3539 1685 3594 21:

221 3648 390 3724 sectiones
409 3641 446 3713 in
471 3634 612 3732 punctis
633 3631 683 3722 T,
707 3633 754 3723 R,
777 3639 814 3709 dc
838 3659 1049 3710 communes
1070 3635 1313 3732 contingentes
1348 3655 1411 3731 per
1440 3637 1519 3714 haec
1623 3629 1675 3680 ²²·

221 3753 474 3862 puncteductae
487 3745 551 3821 fibi
566 3743 720 3816 invicem
731 3748 961 3818 occurrentis
972 3745 1008 3834 S,
1030 3748 1097 3818 erit
1117 3745 1243 3837 juncta
1263 3745 1336 3817 TR
1367 3749 1424 3820 axi
1450 3749 1519 3824 sec-

222 3873 327 3949 tionis
338 3863 527 3944 ordinatim
552 3857 734 3956 applicata.
786 3855 884 3928 Nam
908 3879 971 3952 per
986 3855 1011 3929 S
1029 3856 1212 3930 occursum
1236 3855 1522 3953 contingentium

222 3985 372 4059 ducatur
382 3993 478 4052 recta
486 3971 649 4048 bifariam
662 3970 778 4044 secans
802 3967 911 4064 ipsam
931 3967 1004 4043 TR
1019 3969 1056 4042 in
1072 3968 1128 4056 0·‚
1152 3985 1231 4040 turn
1246 3965 1331 4061 quia
1360 3976 1519 4068 (propter

224 4090 409 4185 circulum)
427 4085 671 4186 contingentes
694 4077 770 4172 ST,
789 4078 849 4154 SR
878 4078 957 4160 sunt
985 4078 1147 4178 aquales,
1174 4095 1270 4156 recta
1299 4079 1359 4160 SO
1372 4084 1439 4158 erit
1458 4083 1522 4182 ipfi

249 4235 252 4242 ·
766 4197 838 4272 Aa
858 4217 881 4277 2
1442 4197 1517 4276 TR
