4156 5474
359 877 427 938 l‘re.
454 895 500 946 21,

444 973 494 1018 22.

557 391 674 505 190
762 346 1665 476 &ffimwwsmmmwulffistffl

1010 689 1218 822 snos
1275 649 1392 777 mu

553 873 589 956 Si
608 874 685 957 duo
704 877 832 958 circuli
846 877 1069 988 contingant
1088 879 1262 991 Ellipsrm
1280 899 1344 963 aut
1370 883 1637 992 Hyperbolum
1651 881 1690 967 in
1707 882 1844 966 eodem

601 1023 745 1112 puncto
764 1005 803 1084 T
834 1008 873 1086 &
898 1007 1038 1086 iterum
1056 1009 1278 1116 contingant
1295 1007 1469 1088 eandem·
1486 1009 1662 1120 Ellipfim
1681 1009 1746 1089 vel·
1770 1037 1842 1120 op·

600 1129 734 1236 positas
748 1129 987 1239 Hyperbolas
1005 1131 1045 1210 in
1064 1133 1214 1240 punctis
1234 1133 1286 1226 R,
1305 1131 1374 1224 N;
1401 1133 1663 1242 rectangulum
1682 1151 1845 1213 conten·

601 1273 688 1334 tum
707 1255 898 1336 diametris
910 1254 1144 1337 circulorum
1160 1258 1230 1337 erit
1249 1255 1393 1366 aequale
1413 1254 1595 1366 quadrato
1614 1257 1719 1366 quod
1737 1257 1844 1338 fitex

602 1381 788 1462 diametro
803 1380 972 1464 sectionis
987 1411 1071 1490 quae
1091 1382 1145 1462 est
1156 1385 1357 1491 conjugata
1373 1382 1558 1464 diametro
1563 1411 1646 1506 per
1665 1385 1705 1462 T
1721 1408 1845 1492 punc-

599 1525 885 1590 tnmcontactus
903 1509 1119 1590 transeunti.
1134 1509 1185 1590 Et
1205 1507 1406 1590 ficirculus
1418 1508 1613 1617 'contingat
1624 1505 1848 1590 Parabolam

600 1631 640 1710 in
657 1631 805 1713 duobus
827 1632 989 1741 punctis,
1003 1635 1232 1740 quadratum
1251 1660 1300 1715 ex
1320 1636 1400 1742 ejus
1414 1635 1600 1714 diametro
1616 1633 1686 1712 erit
1701 1630 1845 1740 aquale

599 1756 822 1862 rectangulo
844 1775 1026 1834 contento
1044 1777 1258 1865 parametro
1283 1761 1362 1840 axis
1381 1763 1421 1842 dc
1438 1778 1655 1870 parametro
1670 1756 1847 1842 diametri

522 1916 525 1922 ·
601 1911 668 1994 per
681 1901 869 1994 punctum
881 1899 1075 1962 contactus
1089 1882 1323 1964 transeuntis.

543 2076 623 2148 Pars
641 2099 672 2149 1.
772 2071 882 2147 INT
910 2069 1076 2169 Ellipseos
1107 2089 1167 2146 aut
1192 2067 1483 2167 Hyperbolarum
1507 2093 1590 2142 axes
1616 2066 1692 2160 AB,
1718 2069 1797 2145 Mur
1811 2073 1851 2148 dc

785 2206 948 2262 centrum
975 2189 1018 2277 C,
1035 2206 1136 2261 rectae
1161 2185 1245 2278 TR,
1259 2183 1333 2258 TN
1351 2183 1547 2282 jungentes
1566 2199 1699 2280 puncta
1707 2200 1847 2259 contac-

540 2318 596 2372 urs
612 2317 715 2370 erunt
736 2301 860 2372 axibus
878 2297 1180 2392 perpendiculares
1197 2319 1259 2392 per
1271 2311 1349 2390 part
1367 2319 1397 2368 1.
1415 2294 1518 2390 Prop.
1532 2317 1633 2390 praec.
1661 2319 1724 2393 per
1739 2319 1848 2397 punc-

539 2428 618 2482 tum
629 2407 667 2481 T
681 2409 717 2480 in
732 2429 804 2500 quo
816 2422 965 2498 uterque
978 2405 1129 2478 circulus
1141 2401 1328 2478 sectionem
1340 2403 1515 2501 contingit
1525 2405 1675 2480 ducatur
1689 2431 1848 2482 commu·

541 2525 596 2598 nis
611 2523 821 2617 contingens
836 2519 962 2592 axibus
976 2537 1163 2590 occurrens
1175 2516 1212 2588 in
1225 2515 1367 2612 punctis
1381 2516 1429 2606 G,
1445 2516 1482 2609 S,
1503 2521 1542 2592 δι
1553 2521 1597 2593 ad
1607 2540 1781 2616 punctum
1807 2517 1845 2596 T

539 2637 691 2734 erigatur
705 2635 787 2706 huic
804 2630 1021 2725 contingenti
1037 2627 1333 2724 perpendicularis
1348 2627 1473 2700 axibus
1488 2651 1671 2703 occurrens
1688 2629 1725 2704 in
1742 2629 1780 2718 P,
1795 2630 1859 2727 Q

538 2767 642 2819 erunt
654 2761 783 2840 puncta
793 2741 834 2832 P,
851 2737 900 2836 Q
919 2758 1040 2812 centra
1051 2737 1264 2812 circulorum
1280 2745 1357 2834 (per
1377 2762 1407 2813 1.
1423 2743 1461 2813 dt
1480 2761 1538 2838 19.
1557 2743 1605 2836 3.)
1622 2745 1659 2815 ὅτ
1678 2740 1847 2836 quoniam

461 2875 465 2886 ·
536 2861 697 2934 diametri
720 2852 879 2928 sectionis
894 2875 956 2947 per
970 2867 1150 2924 contactus
1176 2849 1393 2924 transeuntes
1407 2847 1486 2922 sunt
1511 2851 1602 2924 inter
1625 2853 1659 2924 se
1683 2851 1848 2947 aequales,

538 2989 643 3044 erunt
658 2967 807 3064 ipsarum
828 2960 1024 3060 conjugata
1040 2960 1130 3034 inter
1147 2959 1180 3032 se
1194 2959 1344 3054 aequales
1361 2973 1401 3030 ut
1414 2957 1552 3032 constat
1566 2985 1611 3032 ex
1626 2959 1729 3054 Prop.
1756 2985 1788 3054 3.
1808 2965 1847 3036 ὅτ

540 3107 574 3176 4.
592 3082 653 3154 lib.
676 3103 709 3172 4
762 3073 814 3148 Sit
837 3071 906 3146 FD
927 3073 1099 3145 diameter
1125 3069 1281 3143 sectionis
1301 3066 1490 3164 conjugata
1508 3067 1541 3139 ei
1567 3091 1646 3163 quae
1672 3091 1736 3168 per
1759 3093 1845 3142 con-

540 3212 677 3269 tactum
706 3187 744 3264 T
776 3179 907 3258 transit.
958 3180 1146 3280 Quoniam
1173 3181 1374 3280 rectangula
1392 3176 1567 3277 triangula
1595 3177 1727 3278 TQG,
1752 3179 1846 3256 TSP

542 3311 621 3384 sunt
645 3297 877 3399 aequiangula,
901 3295 967 3370 erit
992 3293 1073 3392 QT
1098 3293 1142 3367 ad
1166 3291 1255 3386 GT,
1283 3311 1325 3368 ut
1339 3291 1399 3367 TS
1424 3293 1469 3366 ad
1487 3291 1567 3382 TP,
1594 3292 1744 3387 ideoque
1772 3315 1847 3368 rec-

544 3419 730 3516 tangulum
759 3409 866 3508 QTP
896 3406 945 3481 est
967 3406 1102 3500 equale
1128 3404 1333 3500 rectangulo
1359 3401 1468 3491 GTs,
1492 3403 1559 3475 hoc
1591 3406 1653 3497 est,
1677 3404 1846 3499 quadrato

542 3561 588 3610 ex
614 3527 684 3604 CD
709 3551 770 3620 per
795 3529 896 3618 Prop.
930 3542 986 3617 51.
1017 3521 1077 3596 lib.
1108 3543 1141 3594 r.
1172 3521 1267 3591 uude
1298 3519 1410 3606 liquet
1436 3538 1518 3608 pars
1547 3517 1663 3608 prima
1692 3521 1843 3618 propofi.

542 3663 656 3722 tronis.

579 3769 677 3844 ,Pars
699 3789 730 3844 2.
763 3756 953 3853 Contingat
975 3751 1125 3824 circulus
1152 3747 1224 3824 HE
1255 3749 1462 3825 Parabolam
1494 3751 1530 3825 in
1561 3758 1700 3851 punctis
1730 3759 1776 3850 T,
1805 3759 1841 3834 R

540 3887 607 3960 erit
633 3882 758 3979 juncta
791 3872 866 3947 TR
894 3870 950 3942 axi
975 3865 1151 3942 Parabolae
1170 3863 1466 3962 perpendicularis
1489 3883 1530 3940 ut
1556 3869 1665 3962 prius,
1691 3871 1842 3967 ideoque

542 3993 729 4096 parametri
769 3986 1023 4060 diametrorum
1059 4000 1141 4074 quae
1178 3997 1239 4072 per
1266 3992 1398 4073 puncta
1438 3996 1620 4052 contactus
1658 3981 1841 4057 transeunt

544 4126 647 4190 erunt
661 4107 750 4182 inter
759 4101 792 4176 se
807 4093 957 4199 aquales
970 4091 1068 4190 (Cor.
1086 4114 1118 4190 3.
1135 4109 1191 4189 25.
1211 4088 1271 4171 tib.
1288 4091 1339 4184 2.)
1352 4106 1415 4191 per
1427 4107 1631 4169 contactum
1642 4091 1680 4168 T
1693 4095 1843 4171 ducatur

1644 4225 1845 4285 communis
1925 4229 1936 4252 ⁸
