4054 5462
348 407 649 530 Sei‘z‘ionum
678 411 998 530 Conicarum
1015 413 1143 532 Lib.
1167 413 1213 530 1.
1381 455 1415 570 7
1423 455 1455 576 5

152 603 332 706 oppositas
348 611 515 686 sectiones
524 613 661 686 secante
671 611 706 684 in
721 597 885 708 punctis,
908 601 955 703 O,
969 613 1007 684 N
1021 631 1058 688 et
1071 637 1092 687 a
1107 633 1239 712 puncto
1254 612 1463 706 Esumatur,

150 743 258 800 extra
273 728 464 804 sectionem
492 729 528 802 in
560 729 629 827 ipsa
647 723 731 818 TX,
753 747 848 802 recte
872 727 941 804 DE
968 753 1049 826 que
1076 729 1118 806 stt
1144 731 1246 805 tertia
1269 731 1463 829 proportio-

150 837 247 914 natis
265 839 352 938 ipsis
376 841 443 916 ΑΕ
471 860 507 917 et
524 841 607 928 BE,
635 841 701 914 erit
715 838 843 938 juncta
861 841 936 914 DN
956 844 1176 941 contingens.
1227 842 1360 916 Namsr
1376 865 1459 934 non,

148 975 253 1030 recta
267 959 475 1056 contingens
484 961 672 1032 sectionem
683 959 720 1031 in
735 959 772 1029 N
786 955 1055 1056 occurreretipsr
1068 957 1142 1033 ΤΧ
1151 978 1249 1035 extra
1273 960 1464 1034 sectionem

151 1067 195 1141 in
208 1071 326 1166 aliquo
334 1075 505 1170 ponctoC
520 1073 692 1146 diversoa
713 1089 846 1167 puncto
870 1071 920 1162 D,
938 1089 974 1146 et
994 1071 1143 1170 proinde
1162 1097 1224 1170 per
1244 1073 1336 1146 hanc
1353 1075 1457 1172 Prop.

151 1201 250 1256 recta
266 1186 419 1260 CEesset
440 1188 543 1260 tertia
565 1185 834 1284 proportionalis
850 1183 927 1282 ipsis
949 1185 1014 1259 ΑΕ
1033 1203 1069 1260 et
1090 1183 1162 1280 BE,
1194 1205 1317 1260 contra
1349 1188 1478 1287 hypo-¹

149 1297 291 1377 thesin:
320 1321 512 1399 ergorecta
523 1301 599 1375 DN
619 1301 801 1398 continget
817 1301 1006 1374 sectionem
1023 1301 1059 1373 in
1071 1299 1121 1376 N.

205 1413 304 1486 Con.
321 1413 364 1488 ii.
386 1415 483 1487 Hinc
498 1411 522 1486 sl
536 1437 556 1486 a
570 1433 573 1440 ·
580 1429 715 1514 puncto
743 1415 799 1504 M,
831 1413 976 1488 occursu
997 1415 1151 1486 duarum
1173 1430 1349 1486 rectarum
1377 1436 1461 1485 con-

149 1517 370 1622 tingentium
385 1515 603 1618 Poroboiam,
623 1527 886 1624 Hyperborei,
903 1527 961 1601 vel
978 1523 1151 1626 oppositas
1178 1525 1403 1622 Hyperbolas
1425 1527 1460 1598 in

149 1639 293 1732 punctis
304 1641 353 1732 N,
381 1640 426 1728 O,
442 1643 590 1713 dueatur
600 1637 866 1736 adjungentem
888 1659 1071 1714 contactus
1086 1657 1179 1711 recta
1204 1635 1289 1728 ΜΡ,
1316 1661 1394 1731 qnae
1411 1635 1453 1712 fit

146 1747 331 1824 Parabolae
347 1751 530 1844 diameter,
556 1751 612 1822 vel
630 1750 828 1849 esymptoto
849 1749 1066 1848 Hyperboiae
1092 1747 1267 1844 parallela,
1294 1746 1459 1822 bifariam

147 1859 358 1938 secabitura
377 1863 532 1934 sectione
547 1861 583 1934 in
610 1861 646 1934 S.
697 1861 795 1936 Nam
817 1859 941 1951 fiMS,
972 1859 1027 1934 FS
1046 1883 1118 1932 non
1147 1853 1215 1930 sint
1238 1859 1411 1951 aeqoales3
1440 1885 1461 1931 a

146 1995 284 2070 puncto
299 1975 323 2050 S
336 1977 492 2050 sumatur
502 1995 603 2056 extra
618 1973 809 2050 sectionem
834 1978 871 2048 in
892 1967 969 2048 ΜΡ
995 1993 1092 2047 recta
1111 1972 1169 2045 SR
1195 1993 1273 2065 qnae
1300 1968 1340 2041 sit
1359 1975 1460 2046 tertia

149 2090 421 2184 proportionalis
436 2084 515 2182 ipsis
531 2087 614 2176 MS,
629 2085 685 2157 Fs
697 2107 734 2159 et
748 2094 760 2170 (
764 2113 828 2183 per
844 2090 924 2160 Cor.
937 2089 1055 2182 praec.)
1064 2085 1191 2181 juncta
1202 2081 1287 2172 RN,
1302 2085 1359 2156 vel
1374 2085 1459 2177 RO,

150 2201 337 2296 continget
352 2198 541 2272 sectionem
555 2195 591 2267 in
613 2195 650 2272 N
664 2195 721 2270 vel
744 2198 779 2270 0
795 2206 933 2290 (contre
960 2195 1015 2270 16.
1048 2192 1168 2290 hujus)
1192 2215 1277 2290 ergo
1298 2195 1380 2290 MS,
1405 2197 1459 2271 FS

151 2315 402 2409 suntaequales.
901 2331 908 2348 '

193 2428 235 2504 In
267 2428 375 2499 hocce
403 2423 583 2498 corollario
606 2423 833 2499 continentur
860 2419 962 2520 Prop.
985 2443 1044 2517 35.
1060 2419 1143 2496 Lib.
1161 2445 1191 2498 1.
1212 2437 1248 2496 et
1268 2417 1369 2518 Prop.
1392 2450 1452 2518 30,

150 2563 209 2640 31.
225 2541 323 2616 Libri
343 2565 375 2636 3.
403 2537 565 2632 Apollonii.

380 2771 1160 2856 'SCHOLIUM

156 2956 161 2968 ’
226 2981 292 3058 rr
311 2973 629 3076 Mnosmngunm
648 2974 735 3074 mn
756 2932 1027 3072 omittoque
1059 2970 1211 3064 nostin
1233 2975 1490 3082 producuntur,
1533 3006 1578 3046 ι.
1635 3031 1643 3057 ,

236 3092 278 3172 fii
279 3095 329 3190 stt
338 3091 368 3167 i*
364 3093 404 3164 X
415 3107 499 3166 recta
512 3094 624 3184 secam
636 3089 737 3160 omm'a
755 3085 856 3160 latera
876 3081 965 3179 istie
981 3081 1142 3182 trrbnguli,
1168 3083 1211 3162 &⁷
1239 3089 1455 3160 moveaturne

148 3209 420 3308 utſstfibisemper
436 3203 605 3296 parallelo,
618 3199 660 3275 δέ
674 3203 707 3274 in
723 3226 759 3271 ea
763 3206 914 3292 sumatur
922 3216 1073 3290 punctum
1094 3199 1137 3290 E,
1154 3201 1200 3271 ita
1217 3218 1252 3272 ut
1266 3203 1452 3298 quadratum

148 3349 187 3400 ex
199 3327 355 3419 segnem
367 3315 431 3389 ΕΒ
438 3318 517 3388 inter
524 3327 673 3406 punctum
691 3311 725 3382 E
731 3307 772 3384 Β
791 3313 898 3382 datum
912 3308 993 3380 latus
1015 3309 1168 3405 trianguli
1180 3309 1261 3398 ΝΟ,
1276 3313 1323 3407 stt
1331 3315 1454 3404 semper

149 3436 276 3538 aequale
288 3429 459 3529 rectangnlo
474 3426 573 3500 AED
591 3440 723 3498 conterno
730 3428 894 3521 segmentis
908 3439 1003 3496 rectae
1016 3421 1081 3494 ΤΧ
1091 3425 1170 3496 t'nter
1185 3441 1335 3516 punctum
1356 3425 1397 3518 E,
1412 3423 1455 3503 δέ

146 3551 270 3648 reliqua
280 3546 380 3619 latera
410 3539 569 3638 initngtdi.
620 3537 658 3612 Si
677 3552 764 3608 recta
782 3531 854 3626 ΤΧ,
882 3559 952 3608 cum
977 3533 1124 3628 bisurt'am
1134 3541 1219 3628 secet
1241 3539 1349 3610 datum
1373 3539 1456 3616 latus

148 3656 392 3762 tmngnliNO,
416 3659 554 3746 transeat
562 3671 620 3746 per
643 3651 789 3748 angulum
812 3652 971 3748 oppofitum
992 3649 1048 3739 M,
1069 3651 1185 3726 Locus
1205 3657 1335 3727 orannim
1360 3673 1455 3746 punc·
1485 3707 1486 3710 ,

149 3793 252 3850 torum
266 3773 310 3864 E,
320 3774 378 3846 erit
392 3766 561 3857 Parabola,
581 3767 668 3861 majus
681 3765 825 3838 diamtri
834 3770 915 3856 sunt
927 3763 1085 3858 parallelae
1102 3783 1197 3840 rectae
1213 3766 1316 3837 mobili
1329 3765 1398 3854 ΤΧ,
1412 3767 1455 3840 &

148 3911 244 3987 quenti
254 3905 349 3968 rectae
363 3879 457 3972 MN,
471 3878 546 3954 ΜΟ
571 3879 738 3975 contingent
755 3879 788 3952 in
800 3876 923 3970 ,punctis
951 3877 1001 3964 N,
1013 3875 1054 3952 Ο.
1105 3877 1140 3949 Si
1153 3903 1226 3948 vero
1246 3895 1328 3948 recta
1343 3878 1454 3952 mobtiis

147 4003 302 4100 hrfarimn
313 4005 423 4094 ficum
443 3987 526 4070 latus
543 3989 627 4084 ΝΟ,
644 4017 701 4068 non
724 3995 862 4084 transsat
878 4009 937 4084 ptr
949 3987 1097 4086 angulum
1110 3987 1161 4060 M
1166 4018 1175 4077 ;
1192 3989 1307 4062 Locus
1322 3995 1453 4074 omnim

144 4133 329 4214 poesim
342 4129 433 4186 erunt
448 4105 628 4208 Hyberbolae
644 4105 796 4203 oppofitae,
819 4125 953 4202 quarum
968 4125 1033 4174 una
1042 4105 1215 4200 asymptotos
1239 4100 1379 4197 estrectae
1395 4103 1461 4178 ΤΧ

147 4227 326 4326 parallelas
340 4223 383 4307 {i
396 4225 453 4322 ssa
473 4225 646 4322 ctsyniptotos
659 4217 760 4318 facile
777 4219 936 4297 inventur
944 4213 1035 4316 sciz.
1061 4215 1190 4295 ducendo
1201 4232 1315 4290 rectam
1328 4214 1427 4398 'iii
1421 4217 1460 4288 X

1262 4349 1347 4422 para
1369 4348 1450 4398 eam
