4054 5462
366 435 662 566 Satrianum
688 418 1005 552 Conicarum
1032 432 1158 550 Lib.
1194 437 1269 550 ΙΙ.
1406 438 1439 548 8
1448 473 1479 588 5

235 748 329 822 Coa.
359 748 383 820 t.
409 745 481 819 Sia
503 762 633 843 puncto
650 744 736 839 Gin
751 743 923 838 diametro
948 739 1008 814 FL
1017 742 1197 818 Parabolae
1225 744 1476 818 ducaturrecta

179 857 242 928 GB
253 857 417 958 parallelo
433 859 533 930 rectis
550 855 737 928 ordinatim
752 854 932 951 applicatis
949 851 999 923 isti
1015 853 1199 943 diametro,
1216 859 1252 928 ὅτ
1268 855 1481 948 quadratum

177 996 223 1042 ex
241 971 305 1042 GB
322 967 361 1042 stt
377 969 510 1064 aequaie
526 969 727 1064 rectangulo
739 985 905 1038 contento
921 964 1058 1039 abscissa
1075 963 1140 1037 GF
1155 967 1230 1039 seiz.
1260 969 1348 1042 inter
1372 967 1480 1062 ipsam

177 1085 257 1176 GB,
286 1083 324 1160 ἃ
340 1086 508 1158 verticem
525 1085 688 1157 diametri
704 1081 745 1174 F,
762 1087 799 1156 dr
815 1097 1014 1178 parametro
1029 1079 1184 1177 ejusdem
1201 1081 1362 1154 diametri
1376 1116 1385 1165 ;
1416 1080 1481 1152 erit

173 1215 351 1290 punctum
365 1199 392 1270 B
407 1199 443 1270 in
459 1197 640 1286 Parabola‚
657 1213 695 1268 ut
711 1213 815 1290 patet.

207 1361 210 1368 -
234 1311 328 1384 Coa.
360 1311 403 1382 11.
434 1311 469 1380 Si
487 1328 580 1380 recta
603 1305 663 1378 AB
691 1305 862 1379 Paraboiit
881 1305 1065 1377 terminata
1086 1305 1276 1378 ordinatim
1290 1305 1482 1399 applicetur

175 1417 352 1490 diametro
368 1419 439 1505 FL,
464 1427 500 1496 ὅτ
521 1417 747 1510 abscissaFG‚
776 1421 864 1492 inter
882 1420 1041 1516 ipsam&
1057 1421 1225 1494 verticem
1250 1419 1422 1506 diametri,
1444 1416 1485 1490 fit

178 1549 304 1624 quarta
317 1553 396 1628 pars
413 1534 598 1628 parametri
614 1532 768 1630 ejusdem
784 1533 945 1605 diametri
963 1531 1047 1618 FL;
1072 1533 1137 1606 erit
1153 1551 1246 1605 recta
1266 1527 1328 1603 AB
1342 1532 1483 1626 aequalis

175 1641 236 1746 ipsr
257 1665 462 1738 parametro.
514 1647 612 1720 Nam
627 1671 688 1742 per
705 1647 796 1720 hanc
816 1647 1088 1742 propositionem
1098 1647 1168 1718 AG
1183 1646 1260 1718 sciz.
1289 1646 1479 1718 dimidium

174 1755 284 1854 ipsrus
303 1755 378 1848 AB,
405 1761 469 1833 erit
485 1763 602 1835 media
615 1760 878 1856 proportionalis
896 1761 984 1830 inter
1002 1777 1241 1854 parametrum
1258 1762 1294 1832 δι
1310 1757 1484 1831 abscissam

125 1937 129 1942 .
182 1867 246 1939 GF
264 1869 343 1944 sciz.
356 1889 518 1965 quartam
534 1891 670 1968 partem
685 1873 895 1968 parametri;
911 1873 997 1967 ‘ergo
1008 1871 1089 1960 AG,
1113 1871 1162 1942 est
1176 1869 1365 1942 dimidium
1382 1869 1484 1964 ipsrus

177 1987 384 2080 parametri,
398 1991 434 2060 dr
448 2012 532 2084 ergo
547 1989 609 2060 AB
624 1987 673 2061 est
688 1984 749 2084 ipsr
764 2005 963 2084 parametro
978 1987 1133 2082 aequalis.

682 2187 999 2306 Puourr

183 2407 221 2486 Si
254 2427 355 2489 recta
386 2409 610 2491 Parabolam
638 2413 862 2520 contingens
901 2427 1074 2492 occurrat
1108 2408 1220 2518 ipsius
1265 2409 1477 2505 diametr03

198 2625 201 2634 Δ
236 2535 466 2644 quadratum
493 2563 543 2618 ex
586 2537 784 2645 segmento
812 2537 909 2616 inter
942 2552 1160 2616 contactum
1190 2533 1478 2616 &diametrum

236 2663 306 2741 erit
331 2664 475 2769 aequale
502 2661 720 2772 rectangulo
746 2682 926 2744 contento
957 2660 1154 2770 segmento
1180 2659 1354 2738 diametri
1374 2661 1481 2776 iuter

236 2791 420 2870 verticem
438 2793 516 2894 ejus
532 2796 572 2869 δι
590 2793 893 2900 contingentem,
922 2793 961 2868 oc
976 2809 1188 2896 parametro
1202 2787 1374 2872 diametri
1391 2821 1477 2900 quae

238 2940 307 3022 per
326 2931 545 2994 contactum
561 2913 700 2994 transrt.
766 2971 771 2983 .

280 3099 434 3172 ΟΝΤΙ
445 3099 481 3170 Ν
490 3099 527 3174 G
538 3085 572 3173 Α
583 3098 621 3174 Τ
650 3120 744 3175 recta
766 3097 831 3173 FR
844 3097 1053 3172 Parabolam
1070 3099 1106 3172 in
1124 3098 1166 3190 F,
1189 3095 1227 3172 δε
1238 3121 1396 3176 occurrat
1412 3104 1485 3176 dia·
1515 3117 1582 3178 Fre.
1601 3143 1623 3180 ι.

296 3217 411 3282 metro
434 3211 501 3282 ED
527 3214 564 3283 in
585 3213 633 3302 R,
665 3219 702 3286 δι
727 3215 874 3285 ducatur
901 3211 965 3284 FG
979 3212 1152 3284 diameter
1181 3233 1242 3306 per
1267 3231 1483 3306 contactum,
1566 3305 1569 3314 y

177 3322 289 3416 fitque
304 3321 377 3416 ejus
401 3343 595 3417 parameter
611 3341 705 3399 recta
717 3327 767 3412 P;
796 3325 1008 3418 quadratum
1034 3349 1079 3398 ex
1096 3323 1160 3398 FR
1175 3325 1241 3396 etit
1263 3329 1396 3420 aequale
1410 3352 1482 3401 rec-

181 3437 326 3532 tangulo
341 3434 414 3508 DR
428 3439 462 3510 in
474 3441 511 3512 P.

230 3553 392 3624 Ducatur
407 3553 503 3624 enim
530 3553 703 3626 avertice
728 3554 889 3628 diametri
916 3553 981 3627 ED
997 3573 1090 3629 recta
1116 3555 1182 3628 DL
1210 3556 1396 3630 ordinatim
1422 3580 1482 3654 ap

177 3665 304 3760 plicata
330 3665 505 3738 diametro
533 3667 612 3755 FG,
635 3668 700 3740 erit
720 3669 881 3761 parallela
908 3675 945 3744 δι
958 3669 1100 3763 aequalis
1117 3669 1333 3766 contingenti
1349 3669 1425 3760 Fu,
1442 3677 1480 3746 δι

178 3779 316 3853 abscissa
329 3777 402 3876 ejus
414 3778 474 3850 LF
490 3782 556 3853 erit
570 3780 713 3876 aequalis
727 3779 788 3875 ipsr
804 3784 896 3855 DR:
924 3809 1008 3881 ergo
1017 3785 1187 3878 quoniam
1201 3807 1263 3878 per
1281 3787 1477 3878 praeceden-

178 3911 255 3968 tem
266 3895 477 3988 quadratum
494 3919 539 3968 err
553 3895 621 3967 DL
635 3893 684 3967 est
697 3895 829 3989 aequale
844 3898 1048 3994 rectangulo
1061 3897 1122 3970 LF
1142 3899 1177 3969 iu
1194 3895 1233 3986 Ρ,
1250 3897 1316 3967 erit
1332 3897 1479 3988 quadra-

177 4024 258 4083 turn
274 4029 320 4082 ex
335 4007 398 4083 FR
414 4011 546 4107 aequale
561 4011 764 4109 rectangulo
780 4010 852 4087 DR
867 4010 903 4085 in
917 4013 955 4088 P.
1306 4005 1409 4105 QE.
1427 4013 1475 4086 D.

1297 4213 1473 4293 PROP.
