4156 5474
542 424 661 576 196
703 547 706 554 ,
736 404 1044 535 Ἐεέῗίοηιινπ
1074 407 1390 530 Constarum
1418 401 1544 529 Lib.
1572 411 1649 527 V'.

516 686 519 692 ,
536 604 574 678 Ν
586 607 685 681 estin
701 607 832 682 circulo
848 609 962 699 COS;
985 601 1045 684 iste
1058 633 1143 684 vero
1156 611 1307 684 circulus
1318 635 1389 684 non
1405 613 1585 708 continget
1597 608 1784 684 sectionem
1796 597 1830 672 in

541 716 578 788 N
598 726 672 810 (12.
688 716 774 813 huj.)
790 721 873 816 qnia
884 744 964 796 eam
979 722 1152 818 contingit
1168 722 1203 795 in
1218 725 1298 796 C&
1313 723 1343 795 ei
1355 725 1506 796 occurrit
1519 723 1554 794 in
1573 720 1711 816 punctis
1721 712 1770 803 N,
1782 709 1836 792 Or

541 849 626 898 cum
642 829 746 924 igitur
756 854 856 903 arcus
871 832 933 906 SN
946 831 986 906 stt
998 834 1041 906 ad
1057 855 1166 906 unam
1183 852 1317 929 partem
1332 835 1453 928 puncti
1470 835 1507 904 N
1523 851 1622 904 extra
1650 829 1836 904 sectionem

542 939 608 1010 erit
623 961 722 1012 arcus
739 939 807 1013 NC
818 943 862 1014 ad
875 945 1022 1017 alteram
1041 963 1176 1040 partem
1189 946 1309 1041 puncti
1325 944 1372 1033 N,
1391 945 1482 1016 intra
1499 939 1711 1024 sectionem,
1741 933 1838 1008 ideo·

544 1073 615 1143 que
629 1053 695 1124 erit
711 1071 806 1126 totus
820 1057 881 1130 iste
896 1081 996 1130 arcus
1022 1057 1090 1132 NC
1108 1059 1198 1131 intra
1221 1059 1432 1131 sectionem:
1458 1079 1542 1128 num
1561 1054 1662 1125 aliter
1689 1047 1838 1122 circulus
1963 1091 1967 1099 -

534 1159 625 1232 COS
639 1185 834 1239 occurreret
843 1167 983 1240 sectioni
1002 1167 1037 1242 in
1048 1167 1116 1241 alio
1128 1185 1260 1263 puncto
1276 1186 1398 1265 praeter
1410 1183 1539 1262 puncta
1552 1165 1596 1252 C,
1609 1163 1654 1251 Ο,
1671 1161 1708 1231 N
1720 1174 1842 1230 eontra

542 1271 646 1366 Prop.
667 1297 721 1348 11.
742 1275 863 1370 hujus:
884 1303 968 1376 ergo
983 1280 1133 1354 circulus
1145 1282 1262 1353 minor
1283 1281 1353 1374 ipso
1380 1279 1472 1352 CRP
1495 1277 1589 1349 cadit
1604 1274 1649 1346 ad
1677 1268 1841 1361 utrasque

542 1402 658 1478 partes
671 1389 793 1481 puncti
809 1407 990 1464 contactus
1007 1388 1140 1464 Cintra
1154 1391 1351 1467 sectionem.

353 1511 427 1576 Fre.
440 1515 490 1574 28.
594 1494 630 1568 Si
643 1520 738 1570 nunc
750 1501 962 1576 describatur
976 1503 1127 1578 circulus
1143 1501 1277 1578 CSOX
1295 1503 1404 1600 major
1417 1501 1489 1596 ipso
1513 1497 1618 1589 CRP,
1634 1494 1842 1589 contingens

546 1606 718 1682 circulum
742 1613 835 1686 CRP
851 1619 889 1688 ὅτ
906 1615 1097 1688 sectionem
1113 1616 1149 1689 in
1165 1619 1207 1704 C,
1231 1617 1333 1690 cadet
1350 1615 1395 1687 ad
1418 1613 1578 1708 utrasque
1593 1627 1707 1706 portes
1720 1600 1842 1702 puncti

541 1725 871 1794 contaetusCextra
892 1725 1091 1799 sectionem.
1144 1727 1240 1798 Nam
1272 1727 1441 1822 quoniam
1467 1725 1517 1796 est
1541 1740 1636 1796 totus
1656 1737 1754 1792 extra
1777 1712 1843 1784 cir-

543 1833 663 1906 culum
684 1834 789 1924 CRP,
809 1836 875 1907 erit
890 1837 1072 1910 necessario
1097 1841 1265 1910 adunam
1293 1857 1431 1932 partem
1447 1839 1567 1930 puncti
1589 1837 1735 1906 Cextra
1749 1829 1845 1904 secti·

545 1969 677 2032 onem,
699 1945 739 2018 srt
755 1946 861 2041 igitur
873 1947 972 2020 arcus
984 1947 1058 2044 ejus
1068 1947 1184 2020 CXM
1197 1966 1296 2019 extra
1322 1947 1511 2017 sectionem
1527 1967 1715 2016 occurrens
1738 1959 1847 2014 rectae

548 2057 614 2130 CR
625 2057 802 2153 productae
818 2057 853 2128 in
867 2057 925 2148 M,
944 2057 1000 2132 hic
1015 2059 1165 2132 circulus
1184 2055 1327 2144 CSOX,
1350 2052 1607 2128 Parabolae‘vel
1631 2050 1848 2147 Hyperbolae

551 2179 718 2264 (quarum
747 2192 862 2243 curvae
877 2171 955 2244 sunt
971 2171 1132 2266 infinitae)
1151 2167 1279 2242 alicubi
1298 2183 1457 2240 occurret
1473 2167 1562 2238 inter
1579 2165 1623 2236 M
1634 2161 1672 2236 &
1690 2161 1736 2255 C,
1763 2181 1848 2260 puta

548 2279 586 2350 in
599 2283 653 2366 0,
682 2287 718 2354 δι
738 2283 774 2352 in
789 2281 919 2374 Ellipsr,
947 2285 1117 2374 quoniam
1132 2278 1194 2354 CB
1211 2279 1261 2352 est
1278 2279 1437 2352 ordinata
1463 2275 1511 2350 ad'
1537 2299 1642 2350 axem
1667 2273 1848 2370 majorem,

550 2385 616 2457 erit
631 2385 700 2456 CK
709 2388 868 2458 ordinata
883 2390 928 2470 ad
945 2411 1049 2462 axem
1064 2391 1240 2462 minorem
1258 2413 1267 2460 ε
1294 2387 1320 2458 sr
1338 2387 1445 2482 igitur
1467 2387 1617 2460 circulus
1633 2387 1762 2458 CSOX
1777 2409 1848 2458 non

551 2494 782 2592 oecurraripfi
798 2497 862 2570 CK
886 2497 977 2569 intra
1003 2499 1202 2588 sectionem,
1226 2498 1330 2570 cadet
1362 2513 1456 2570 totus
1484 2515 1582 2570 extra
1598 2493 1755 2593 Ellipsim
1772 2505 1850 2592 (per

552 2625 641 2705 part.
661 2631 696 2684 2.
710 2607 810 2704 Prop.
831 2631 883 2702 13·
900 2607 988 2703 huj.)
1008 2627 1168 2682 occurrat
1185 2608 1291 2702 igitur
1305 2605 1366 2700 ipsr
1381 2608 1446 2680 CK
1472 2609 1564 2678 intra
1583 2604 1742 2698 Ellipsrm
1760 2607 1799 2676 in
1813 2606 1851 2695 S,

555 2724 593 2792 ὅτ
607 2741 691 2790 cum
708 2735 882 2812 punctum
912 2719 959 2788 M
976 2716 1017 2792 fit
1030 2737 1130 2793 extra
1155 2716 1326 2812 Ellipfim,
1346 2739 1449 2788 arcus
1466 2714 1537 2786 MS
1555 2713 1675 2810 Ellipsr
1691 2731 1854 2788 occurret

557 2828 684 2900 alicubi
695 2845 735 2898 ut
751 2827 786 2898 in
802 2829 856 2918 0·‚
879 2828 1028 2904 ducatur
1049 2831 1154 2927 igitur
1181 2853 1244 2926 per
1267 2847 1443 2924 punctum
1458 2826 1540 2899 Oin
1561 2828 1661 2900 omni
1690 2826 1856 2917 sectione,

557 2956 654 3010 recta
684 2939 849 3034 parallelo
874 2937 935 3038 ipst
960 2941 1024 3012 BA
1049 2925 1243 3014 occurrens·
1258 2939 1401 3012 sectioni
1424 2939 1465 3044 ‘in
1488 2933 1526 3011 N
1546 2933 1584 3010 ἃ
1599 2935 1660 3033 ipfi
1674 2935 1746 3009 AC
1765 2938 1859 3029 ins,

555 3045 683 3118 deinde
704 3045 915 3139 ostendetur,
947 3069 987 3122 ut
1013 3051 1123 3146 prius,
1146 3066 1320 3146 punctum
1344 3047 1472 3122 Nesse
1496 3047 1533 3120 in
1564 3045 1693 3118 circulo
1719 3041 1861 3136 CSOX,

558 3177 644 3250 ergo
676 3159 845 3250 quoniam
877 3157 937 3232 iste
959 3159 1109 3232 circulus
1134 3159 1308 3256 contingit
1344 3158 1531 3233 sectionem
1561 3155 1598 3229 in
1624 3157 1655 3230 C
1682 3174 1761 3228 eam
1784 3175 1859 3227 non

558 3267 688 3339 iterum
699 3269 879 3366 continget
895 3271 930 3342 in
946 3288 1079 3366 puncto
1100 3265 1139 3342 N
1153 3269 1211 3343 vel
1228 3269 1262 3341 0
1277 3277 1355 3368 (per
1369 3267 1470 3366 Prop.
1493 3291 1547 3346 12.
1570 3267 1660 3366 huj.)
1686 3265 1859 3362 quoniam

559 3379 666 3476 igitur
698 3399 872 3478 punctum
903 3383 949 3456 M
972 3383 1022 3458 est
1051 3401 1149 3457 extra
1180 3383 1380 3476 sectionem,
1408 3385 1473 3458 erit
1506 3406 1607 3456 arcus
1644 3379 1728 3456 ΜΟ
1761 3401 1859 3455 extra

559 3492 760 3586 sectionem,
792 3499 830 3568 ὅτ
859 3496 1006 3594 proinde
1032 3519 1132 3568 arcus
1159 3491 1256 3566 OSN
1280 3497 1372 3566 intra
1402 3495 1567 3580 eandem,
1586 3496 1736 3586 ideoque
1760 3517 1860 3566 arcus

561 3603 630 3676 NC
643 3603 687 3672 ad
704 3605 849 3676 alteram
874 3627 1011 3700 partem
1026 3605 1275 3702 puncti'Nerit
1303 3621 1402 3676 extra
1425 3601 1614 3675 sectionem
1635 3607 1671 3677 δι
1690 3609 1861 3699 quoniam

564 3715 713 3790 circulus
735 3711 864 3820 CSOX
880 3741 951 3790 non
968 3716 1118 3790 occurrit
1141 3714 1281 3788 sectioni
1297 3709 1360 3785 nist
1375 3715 1410 3787 in
1428 3713 1568 3812 punctis
1586 3713 1632 3808 C,
1653 3716 1701 3806 N,
1724 3719 1757 3787 Ο
1784 3729 1860 3808 (rr.

561 3828 650 3923 huj.)
665 3830 729 3902 erit
743 3849 838 3905 totus
868 3855 966 3904 arcus
993 3829 1061 3902 NC
1088 3847 1187 3902 extra
1211 3829 1420 3903 sectionem:
1449 3852 1534 3928 ergo
1557 3829 1706 3907 circulus
1731 3829 1863 3904 CSOX

565 3939 658 4016 cadit
667 3941 710 4014 ad
724 3947 884 4045 utrasque
896 3961 1012 4044 partes
1026 3941 1149 4044 puncti
1162 3939 1300 4044 Cextra
1313 3939 1512 4046 sectionem.

1674 4141 1863 4246 Quoniam
