4134 5460
390 465 687 590 Sediionum
711 468 1026 589 Conicarum
1054 471 1183 594 Lib.
1206 476 1252 594 I.
1384 523 1460 634 41

486 859 494 870 ’
619 875 830 959 PROP.
884 873 1044 960 XXXII.-

167 1051 209 1134 Si
241 1082 263 1134 a
296 1075 438 1167 puncto
467 1061 704 1174 Hyperbolae
732 1063 893 1148 ducatur
923 1083 1024 1148 recta
1049 1063 1254 1146 ordinatim
1282 1065 1467 1176 applicata

222 1183 408 1268 diametro
426 1187 600 1272 secundae
609 1229 623 1288 t
641 1213 685 1273 ut
702 1192 933 1302 quadratum
956 1219 1005 1274 ex
1023 1220 1067 1272 ea
1085 1182 1271 1274 diametro
1291 1191 1465 1290 secunda,

221 1312 345 1394 estad
368 1307 601 1422 quadratum
626 1347 677 1400 ex
698 1321 885 1402 diametro
900 1319 1102 1402 transversa
1116 1321 1151 1402 ei
1176 1320 1389 1428 conjugata,
1415 1322 1466 1402 ita

220 1439 293 1518 erit
310 1439 462 1522 summa
480 1445 751 1551 quadratorum
770 1477 820 1529 ex
838 1437 1118 1529 semidiametro
1137 1445 1298 1528 secunda
1315 1449 1355 1527 do
1384 1447 1470 1556 seg·

219 1583 354 1644 mento
385 1569 464 1673 ejus
496 1570 595 1652 inter
623 1592 802 1706 centrum
829 1576 870 1656 dt
898 1573 1124 1672 ordinatam,
1157 1573 1206 1654 ad
1237 1572 1465 1682 quadratum

219 1717 269 1772 ex
303 1691 488 1776 ordinata.

279 1896 417 1972 Puncto
439 1899 660 1999 Hyperbotae
677 1902 711 1978 A
727 1904 876 1979 ducatur
891 1903 963 1979 AD
986 1907 1176 1980 ordinatim
1201 1904 1374 2003 applicata
1395 1903 1469 1974 dia·
1503 1911 1575 1973 Fra.
1545 1931 1637 1990 ⁰23·

285 2029 400 2086 metro
415 2013 574 2090 socundae
589 2016 684 2108 MN,
709 2023 747 2092 dt
765 2015 806 2091 stt
819 2020 991 2092 diameter
1007 2019 1071 2093 LV
1088 2017 1150 2114 ipsr
1165 2017 1247 2090 MN
1263 2014 1471 2110 conjugata,

15 2171 16 2176 =
155 2126 226 2198 erit
240 2127 455 2219 quadratum
468 2155 514 2200 ex
527 2131 609 2220 CN,
633 2134 679 2204 ad
695 2135 911 2224 quadratum
923 2153 969 2204 ex
985 2134 1063 2227 CV,
1086 2150 1127 2206 ut
1144 2131 1314 2282 quadrata
1330 2155 1375 2203 ex
1389 2128 1470 2220 CN,

155 2237 233 2316 CD
250 2236 366 2327 simul,
394 2240 440 2314 ad
459 2243 673 2338 quadratum
690 2269 735 2316 ex
749 2245 831 2322 AD.

208 2367 308 2442 Nam
329 2369 478 2444 ducatur
503 2369 573 2446 AO
597 2371 787 2447 ordinatim
815 2375 987 2472 applicata
1009 2373 1070 2472 ipfi
1097 2373 1271 2449 diametro
1297 2376 1375 2468 LV,
1401 2377 1468 2451 erit

157 2481 303 2557 COAD
320 2483 699 2584 parallelogrammum
718 2489 798 2584 (per
815 2487 901 2563 Cor.
917 2489 1020 2586 Prop.
1038 2493 1115 2586 27.)
1134 2485 1334 2584 &proinde
1349 2513 1467 2585 aequa·

154 2595 208 2670 les
224 2595 304 2670 sunt
318 2594 403 2685 AD,
417 2595 482 2672 OC
498 2615 539 2673 ut
559 2601 597 2673 dt
612 2597 692 2690 AO,
702 2597 786 2673 DC.

203 2727 272 2802 Per
285 2723 539 2802 Definitionem
556 2729 833 2830 praecedentem,
857 2726 905 2801 est
923 2727 1137 2822 quadratum
1151 2752 1197 2802 ex
1214 2723 1286 2802 CN
1310 2728 1354 2801 ad
1382 2751 1467 2822 qua-

155 2841 302 2914 dratum
317 2865 362 2913 ex
376 2839 455 2928 CV,
482 2860 523 2912 ut
548 2841 761 2935 quadratum
778 2841 934 2941 exano
957 2839 1043 2927 slve)
1069 2843 1134 2911 CD
1163 2843 1208 2914 ad
1223 2843 1467 2938 rectangulum

157 2953 279 3039 vot,
309 2973 393 3048 ergo
418 2961 496 3048 (per
524 2975 577 3028 ιι.
605 2957 659 3046 5.)
692 2953 759 3026 erit
782 2968 822 3024 ut
846 2950 1059 3045 quadratum
1084 2973 1129 3023 ex
1150 2951 1218 3023 CN
1247 2955 1292 3024 ad
1317 2956 1467 3046 quadra-

155 3085 239 3138 tum
262 3087 308 3137 ex
322 3063 477 3155 CV,.ita
503 3063 639 3138 summa
662 3065 916 3159 quadratorum
931 3085 975 3135 ex
990 3061 1070 3152 CN,
1085 3061 1165 3154 CD,
1193 3064 1236 3136 ad
1254 3063 1467 3158 quadratum

153 3199 203 3252 ex
231 3175 358 3252 CV&
384 3177 628 3272 rectiangulum
655 3177 756 3250 VOL
781 3175 897 3267 simul,
926 3175 995 3249 hoe
1020 3175 1069 3248 est
1094 3183 1172 3272 (per
1189 3175 1220 3252 6.
1247 3181 1295 3263 a)
1318 3175 1466 3268 quadra-

155 3309 239 3367 tum
266 3311 311 3361 ex
328 3287 407 3378 CO,
434 3285 504 3359 five
518 3287 599 3364 AD.
651 3289 753 3390 QE.
766 3288 811 3362 D.

207 3501 304 3573 Con.
337 3493 447 3587 Hinc,
471 3492 502 3568 ·sr
530 3520 552 3569 a
581 3493 722 3568 duobus
749 3495 888 3592 punctis
919 3493 954 3567 in
984 3493 1191 3590 Hyperbola
1216 3495 1272 3568 vel
1301 3491 1464 3592 oppofitis

155 3605 373 3712 Hyperbolis
385 3609 558 3682 ducantur
571 3608 653 3681 dure
668 3623 772 3680 rectae
788 3606 963 3680 diametro
976 3607 1135 3679 secundae
1150 3607 1340 3680 ordinatim
1352 3607 1462 3702 appli-

159 3745 272 3816 catae,
302 3718 368 3800 erit
386 3723 600 3817 quadratum
616 3743 661 3792 ex
676 3721 793 3814 primo
806 3721 925 3805 ducta,
938 3721 982 3792 ad
994 3721 1207 3815 quadratum
1225 3745 1270 3792 ex
1284 3721 1404 3807 altera,
1424 3737 1465 3792 ut

157 3843 296 3917 summa
310 3840 565 3940 quadratorum
591 3857 636 3906 ex
658 3833 915 3906 semidiametro
942 3832 1091 3906 secunda
1109 3839 1145 3908 δι
1163 3833 1325 3906 distantia
1349 3833 1465 3924 primo

159 3955 277 4029 ductae
302 3971 472 4043 acentro,
502 3949 546 4021 ad
563 3945 739 4020 summam
766 3947 1018 4038 quadratorum
1042 3969 1088 4020 ex
1104 3947 1231 4019 eadem
1247 3941 1463 4076 semidiame

159 4091 215 4146 tro
240 4049 387 4146 secunda
404 4073 442 4146 dt
456 4065 617 4143 distantia
632 4059 772 4136 alterius
789 4058 988 4139 dcentto.

749 4380 780 4454 F
