4156 5474
579 450 698 567 192
788 351 1086 528 Senium
1113 404 1430 528 Conicarum
1457 406 1585 530 Lib.
1617 409 1696 533 V.

1037 747 1250 836 PROP.
1311 750 1402 832 XV.

562 971 646 1056 Sia
678 974 816 1055 vertice
847 976 927 1059 axis
959 977 1152 1060 transversi
1182 975 1379 1089 Ellipseos,
1417 995 1482 1058 aut
1517 974 1767 1087 Hyperbolae,
1794 971 1856 1056 vel

620 1103 699 1182 axis
737 1103 942 1200 Parabolae,
978 1121 1141 1214 ponatur
1172 1107 1212 1186 in
1254 1133 1325 1186 axe
1363 1123 1462 1186 recta
1497 1103 1609 1212 ipsrus
1646 1121 1866 1214 parametro

624 1225 804 1336 aequalis;
846 1227 1008 1310 circulus
1045 1229 1145 1310 circa
1181 1229 1282 1312 hanc
1311 1248 1493 1342 tanquam
1522 1226 1750 1310 diametrum
1781 1225 1867 1306 des-

625 1353 770 1459 criptus
808 1352 916 1434 cadet
943 1372 1043 1434 totus
1079 1353 1177 1432 intra
1212 1354 1447 1438 sectionem:
1483 1353 1511 1431 fi
1545 1380 1635 1433 vero
1670 1381 1694 1433 a
1726 1349 1868 1432 vertice

626 1477 706 1556 axis
743 1475 905 1558 minoris
941 1477 1126 1588 Ellipseos
1163 1501 1327 1591 ponatur
1363 1502 1464 1565 recta
1500 1479 1612 1590 ipfius
1655 1494 1869 1588 parametto

624 1601 788 1708 aequalis,
818 1603 981 1686 circulus
996 1603 1071 1686 hac
1087 1604 1276 1690 diametro
1294 1606 1500 1722 descriptus
1519 1605 1628 1686 cadet
1642 1623 1742 1687 totus
1764 1619 1871 1686 extra

625 1727 844 1803 sectionem.

380 1957 447 2018 Fre.
471 1965 519 2026 23,
568 1923 689 2076 SIT
714 1924 773 1998 AB
791 1921 865 1998 axis
881 1919 1091 1998 transversus
1107 1919 1275 2016 Ellipseos
1302 1937 1364 2002 aut
1384 1921 1619 2018 Hyperbolae,
1643 1927 1702 2000 vel
1718 1926 1794 2000 axis
1808 1925 1875 2000 Pa·

401 2053 449 2111 24‚
469 2048 518 2106 25»
642 2043 783 2132 rabolae,
807 2035 847 2112 δι
870 2055 1020 2136 ponatur
1036 2038 1073 2110 in
1096 2059 1161 2110 axe
1176 2053 1270 2108 recta
1284 2032 1353 2106 AC
1369 2032 1472 2128 ipfius
1495 2040 1877 2136 parametroaequulis3

472 2106 517 2166 ²⁶'
566 2155 716 2228 circulus
732 2154 824 2226 circa
846 2153 1061 2226 diametrum
1088 2150 1151 2224 AC
1181 2147 1373 2244 descriptus
1399 2147 1502 2222 cadet
1527 2167 1623 2224 totus
1649 2151 1741 2224 intra
1758 2151 1879 2228 sectio·

566 2289 676 2352 nem;
706 2266 762 2336 vel
789 2263 813 2336 sr
837 2261 898 2338 AB
922 2263 1028 2338 fuerit
1052 2255 1127 2337 exis
1149 2261 1265 2334 minor
1287 2259 1453 2355 Ellipseos
1476 2262 1581 2337 cadet
1606 2262 1758 2340 circulus
1782 2283 1877 2341 totus

566 2395 665 2450 extra
680 2375 878 2446 sectionem.

615 2507 775 2578 Ducatur
802 2501 899 2575 enim
916 2497 983 2572 AD
1011 2499 1068 2572 axi
1090 2495 1386 2593 perpendicularis
1413 2496 1549 2593 ipsrque
1571 2501 1639 2578 AC
1666 2504 1806 2603 zqualis
1833 2502 1875 2580 δε

561 2619 732 2719 jungatur
749 2613 830 2699 cl),
856 2619 895 2686 ὅτ
919 2613 955 2684 in
970 2607 1088 2704 Ellipsr
1106 2614 1143 2683 ὅτ
1160 2607 1369 2705 Hyperboln
1386 2606 1560 2706 jungatur
1574 2615 1681 2686 etiam
1697 2615 1807 2706 BLD,
1833 2617 1873 2688 in

566 2728 735 2807 Parabola
749 2745 833 2794 vero
847 2722 996 2794 ducatur
1012 2718 1080 2792 DL
1096 2720 1154 2792 axi
1171 2717 1334 2814 parallela
1350 2755 1361 2807 ;
1387 2716 1426 2792 dc
1446 2739 1509 2814 per
1524 2723 1671 2816 quodvis
1687 2724 1723 2798 in
1740 2723 1872 2798 circulo

567 2857 742 2938 punctum
756 2831 786 2906 E
800 2833 949 2906 ducatur
972 2826 1033 2902 EF
1048 2827 1192 2926 ipsr'AD
1213 2828 1376 2926 parallelo
1390 2829 1531 2906 sectioni
1554 2857 1740 2910 occurrens
1767 2835 1805 2908 in
1823 2835 1873 2925 G,

570 2949 649 3048 ipsis
665 2967 784 3022 autem
800 2943 873 3035 AB,
889 2947 967 3031 CD,
981 2942 1048 3014 LD
1061 2966 1246 3018 occurrens
1263 2944 1299 3016 in
1313 2941 1453 3038 punctis
1468 2940 1508 3034 F,
1525 2944 1571 3039 K,
1587 2945 1638 3018 H.
1691 2949 1873 3040 Quoniam

571 3065 677 3162 igitur
701 3060 850 3153 equales
867 3057 944 3128 sunt
960 3057 1036 3146 AC,
1052 3057 1134 3147 AD,
1163 3056 1313 3150 aequales
1339 3073 1442 3129 erunt
1465 3055 1541 3146 FC,
1564 3055 1639 3146 ΕΚ,
1665 3059 1704 3132 dc
1728 3079 1874 3156 propter

572 3177 745 3254 circulum
761 3171 810 3246 esi
831 3169 1044 3265 quadratum
1059 3191 1103 3242 ex
1132 3168 1191 3242 EF
1212 3169 1344 3266 aequale
1359 3165 1561 3266 rectangulo
1585 3170 1697 3259 AFC,
1716 3171 1783 3246 hoc
1808 3173 1873 3266 est,

572 3288 634 3387 ipfi
656 3285 777 3368 AFK.
810 3299 950 3376 propter
966 3279 1154 3354 sectionem
1178 3303 1262 3354 vero
1278 3280 1328 3354 est
1348 3282 1561 3376 quadratum
1579 3305 1623 3356 ex
1649 3282 1713 3356 GF
1738 3285 1875 3380 aequale

572 3398 776 3495 rectangulo
799 3393 901 3466 AFH
925 3389 1017 3487 (seiz.
1041 3415 1103 3488 per
1129 3393 1253 3490 Propp.
1280 3417 1311 3466 1.
1335 3417 1369 3487 4.
1389 3413 1422 3489 5.
1439 3394 1498 3467 lib.
1517 3395 1568 3490 2.)
1590 3393 1640 3468 est
1666 3412 1784 3473 autem
1808 3389 1872 3470 ΚΡ

574 3518 690 3590 minor
704 3509 775 3608 ipsu
793 3507 874 3596 FH,
900 3502 925 3575 fi
941 3503 1003 3578 AB
1024 3529 1094 3578 non
1112 3505 1152 3579 fit
1167 3507 1240 3578 axis
1252 3507 1368 3578 minor
1393 3505 1558 3596 Ellipseos
1573 3507 1609 3577 in
1632 3531 1706 3598 quo
1724 3512 1801 3584 casu
1823 3508 1872 3582 est

572 3625 639 3698 KF
653 3619 763 3718 major
778 3618 848 3712 ipsd
863 3614 892 3684 F
892 3613 944 3701 H,
969 3637 1077 3706 quare
1093 3615 1142 3686 est
1157 3611 1399 3704 recrangulum
1420 3610 1519 3682 AFK
1534 3613 1653 3688 minus
1670 3619 1742 3712 ipso
1757 3619 1818 3694 AF
1818 3621 1868 3713 H,

574 3739 610 3813 in
626 3737 742 3835 primo
765 3727 854 3815 casu,
871 3726 1019 3818 ideoque
1034 3724 1246 3817 quadratum
1262 3744 1307 3795 ex
1323 3719 1384 3792 EF
1404 3723 1523 3796 minus
1547 3722 1613 3798 erit
1635 3731 1804 3822 quadrato
1822 3755 1870 3805 ex

577 3851 654 3940 GP,
682 3845 720 3918 δι
745 3859 838 3914 recta
862 3837 921 3909 EF
945 3833 1060 3908 minor
1076 3837 1147 3936 ipsa
1175 3837 1241 3912 GF
1261 3831 1300 3906 &
1320 3853 1503 3932 propterea
1526 3837 1575 3910 est
1599 3840 1745 3914 circulus
1774 3861 1872 3920 totus

574 3967 665 4037 intra
681 3954 868 4026 sectionem
885 3978 894 4023 :
911 3965 947 4020 et
962 3945 1115 4019 similiter
1134 3951 1169 4020 in
1191 3951 1299 4026 altero
1315 3947 1394 4024 casu
1410 3947 1609 4026 ostendetur
1624 3951 1794 4029 circulum
1806 3956 1873 4034 esse

575 4089 692 4144 totum
709 4079 806 4134 extra
821 4061 980 4135 eandem.
1031 4060 1079 4156 Q
1093 4059 1133 4133 E.
1149 4057 1193 4136 D.

1769 4262 1870 4342 Con.
