4156 5474
438 393 539 510 De
557 283 778 557 ⁴Ellipfi
814 381 895 528 &l
938 387 1292 558 hyperbole·
1382 412 1413 510 1'
1421 431 1501 551 57

205 603 242 662 et
263 587 343 677 CR)
365 579 565 687 et'proinde
593 589 698 662 datur
723 588 810 662 ratio
833 585 998 661 diametri
1023 588 1099 660 Mm
1122 581 1167 661 'ad
1192 587 1259 660 LN
1279 585 1349 684 ipsi
1368 589 1428 662 AB
1453 615 1508 662 or·

205 703 354 778 dinatim
380 705 618 802 applicatam
650 705 752 776 datur
777 703 883 802 igitur
915 703 1003 776 ratio
1032 727 1125 798 quae-
1143 691 1190 778 ex'
1219 705 1310 778 hisce
1335 706 1430 778 datis
1455 693 1508 778 ra·

203 818 359 892 tionibus
380 819 444 890 AB
471 819 515 890 ad
529 819 594 892 KL
610 824 647 893 δι
661 817 738 890 Mm
755 819 799 890 ad
821 814 891 892 LN
905 819 1129 915 componitur
1146 845 1154 892 :
1185 841 1270 916 ergo
1300 820 1388 890 ratio
1419 819 1510 890 inter

204 929 532 1029 parallelogramma
542 931 761 1029 aequiangula
776 932 898 1008 datur:
912 931 969 1004 sed
985 932 1354 1028 parallelogrammum
1371 927 1510 1003 AMBm

205 1045 450 1142 magnitudine
488 1046 591 1118 datur
622 1055 671 1140 (1.
702 1042 789 1142 huj.)
839 1069 924 1144 ergo
953 1045 1332 1146 ‚parallelogrammum
1371 1041 1509 1120 KLNO

204 1159 254 1230 est
267 1159 401 1255 semper
426 1156 578 1254 ejusdem
590 1156 854 1256 magnitudinis.
907 1157 1063 1274 ΜΡ.

683 1397 898 1485 Pron
958 1367 1051 1480 mn

204 1583 246 1674 ¹Si
278 1582 393 1666 latera
423 1584 770 1697 parallelogrammi
802 1589 870 1672 EF
872 1590 957 1690 GH
987 1587 1211 1698 contingant
1234 1587 1410 1700 Ellipsrm
1441 1603 1507 1668 aut
1541 1585 1610 1650 1²¹0·
1629 1587 1675 1664 ¹3?

258 1715 444 1824 producta
470 1717 694 1826 contingant
720 1718 962 1828 Hyperbolas
980 1717 1166 1826 oppositas
1192 1717 1377 1827 positione
1404 1716 1507 1799 datas
1632 1685 1680 1744 '¹¹‘

260 1845 301 1924 dc
318 1842 347 1923 fi
364 1842 547 1922 diameter
559 1841 730 1924 sectionis
746 1845 831 1938 AB,
852 1871 937 1952 quae
956 1841 1003 1950 (sr
1021 1869 1116 1950 opus
1129 1841 1331 1951 producta)
1349 1841 1509 1922 transeat

200 2055 203 2060 ,
259 1993 327 2074 per
345 1965 506 2075 angulos
530 1967 784 2072 oppofitosE
823 1966 864 2043 dc
892 1967 945 2059 G,
975 1964 1103 2044 datam
1146 1963 1284 2044 habeat
1322 1964 1509 2044 rationem

262 2087 310 2170 ad
329 2089 572 2196 segmentum
587 2087 664 2165 EG
682 2085 780 2165 inter
799 2085 886 2166 istos
905 2087 1064 2196 angulos
1082 2124 1095 2181 ;
1115 2088 1186 2167 erit
1200 2085 1509 2198 parallelogram-

198 2300 203 2313 ,
262 2237 377 2294 mum
400 2209 555 2292 EFGH
569 2209 716 2322 semper
731 2209 899 2320 ejusdem
917 2209 1203 2324 magnitudinis.

203 2414 372 2568 SINT
399 2433 531 2516 puncta
554 2434 737 2494 contactus
763 2414 809 2506 K,
824 2416 868 2509 L,
884 2413 936 2507 N,
951 2415 997 2507 0,
1015 2421 1054 2491 δι
1081 2433 1183 2488 recta
1209 2413 1298 2506 KN,
1327 2411 1408 2504 LO,
1426 2413 1513 2508 jun·

278 2547 401 2628 gentes
421 2527 577 2628 opposita
592 2545 723 2626 puncta
748 2543 943 2616 contactus,
968 2543 1073 2598 erunt
1095 2527 1258 2598 diametri
1287 2523 1384 2616 (Cor.
1402 2548 1433 2601 a.
1453 2547 1511 2600 22.

201 2643 261 2722 lib.
282 2649 330 2742 1.)
358 2650 569 2742 &quatuor
595 2663 697 2719 recta
713 2642 788 2718 haec
814 2658 946 2740 puncta
964 2636 1160 2737 jungentes
1183 2633 1370 2712 conficient
1396 2637 1508 2734 paral-

200 2755 478 2854 lelogrammum
492 2757 655 2841 KLNO;
680 2758 830 2829 ducatur
844 2755 1017 2824 diameter
1037 2751 1099 2824 AB
1117 2749 1279 2825 bifariam
1305 2751 1422 2824 secans
1448 2772 1508 2848 pa-

200 2869 337 2942 rallelas
351 2867 432 2957 LN,
442 2867 512 2938 KO
525 2867 562 2935 in
576 2866 611 2936 R
634 2871 671 2937 δι
690 2869 726 2953 S,
741 2862 900 2935 transrbit
913 2863 986 2935 haec
1009 2885 1073 2958 per
1086 2864 1233 2960 angulos
1249 2865 1280 2938 E
1298 2883 1335 2939 et
1355 2864 1394 2938 G
1409 2865 1508 2959 (Cor.

205 3004 238 3058 1.
256 2982 317 3060 26.
332 2982 396 3056 lib.
416 2982 462 3069 1.)
490 2975 647 3052 similiter
671 2977 843 3050 diameter
867 2975 946 3050 Mm
964 2975 1124 3054 bifariam
1148 2978 1265 3054 secans
1293 2996 1403 3052 rectas
1428 2979 1507 3070 KL,

202 3095 276 3170 ΟΝ
296 3090 454 3170 transibit
485 3113 548 3189 per
575 3092 726 3186 reliquos
743 3089 889 3188 angulos
911 3087 942 3161 F
966 3087 1058 3168 &H
1076 3087 1115 3164 δι
1134 3093 1201 3165 erit
1221 3089 1282 3190 ipsr
1309 3093 1370 3166 AB
1387 3091 1505 3187 conju-

201 3227 293 3307 gata
343 3207 525 3299 Qoniam
542 3205 661 3299 igitur,
686 3227 748 3300 per
765 3200 984 3299 hypothesin,
994 3206 1099 3278 datur
1126 3207 1214 3280 ratio
1239 3206 1342 3305 ipsrus
1370 3208 1431 3280 CB
1457 3207 1502 3278 ad

202 3319 287 3410 CG,
310 3320 414 3392 datur
434 3315 577 3391 &ratio
603 3313 707 3411 ipsius
729 3312 792 3387 CB
812 3316 858 3388 ad
883 3313 961 3403 CR,
992 3333 1028 3388 et
1040 3339 1125 3413 ergo
1149 3337 1190 3390 ut
1218 3319 1254 3390 in
1284 3319 1503 3416 precedente

202 3437 308 3510 datur
334 3434 421 3506 ratio
441 3431 688 3508 semidiametri
714 3430 792 3506 CM
816 3433 861 3508 ad
884 3433 1081 3508 ordinatam
1103 3433 1170 3510 LR
1189 3434 1247 3508 vel
1272 3436 1317 3508 ad
1345 3435 1416 3510 CT
1439 3431 1504 3530 ipsi

202 3551 269 3624 LR
291 3546 484 3642 aqualem3
515 3546 620 3626 datur
635 3547 742 3641 igitur
766 3545 856 3619 ratio
882 3543 963 3620 CM
984 3547 1029 3620 ad
1045 3545 1121 3640 CF,
1146 3566 1182 3624 et
1204 3547 1348 3647 igitursr
1370 3551 1504 3628 ducan-

203 3667 270 3738 tur'
285 3662 372 3749 MP,
400 3659 802 3756 PQperpeauicurares
830 3659 887 3737 ad·
903 3663 1117 3738 diametrum
1146 3661 1221 3753 AB,
1243 3665 1385 3738 dabitur
1414 3667 1503 3740 ratio

204 3773 308 3872 ipsrus
322 3771 394 3845 MP
413 3770 457 3842 ad
470 3768 501 3840 F
501 3769 564 3863 Q
608 3769 845 3866 Dtturr'gitur
860 3773 961 3860 ratio,
978 3799 1116 3866 quaeex
1136 3777 1291 3848 hisdatia
1311 3779 1504 3850 rationibus

204 3889 269 3962 AB
283 3887 328 3958 ad
344 3883 425 3975 EG,
440 3887 488 3958 1&
515 3881 589 3958 MP
603 3883 650 3956 ad
664 3879 744 3978 FQ
768 3883 1004 3978 componitur,
1029 3883 1096 3958 hoc
1122 3885 1184 3976 est,
1209 3888 1297 3960 tatio
1314 3889 1509 3986 rectanguli
1640 3877 1646 3882 ’

205 3997 270 4074 ΑΒ
297 3998 335 4068 io
365 3996 438 4071 MP
477 3997 523 4072 ad
552 3995 797 4094 rectangulum
826 3993 894 4070 EG
911 3993 951 4068 in
976 3995 1070 4090 FQ
1096 3995 1154 4072 sed
1176 4000 1422 4098 recnnguum
1447 3999 1511 4076 AB

206 4111 247 4186 in
271 4105 344 4186 MP
365 4109 632 4210 ,magttitudine
654 4111 758 4190 datur
788 4117 842 4210 (ι’.
864 4107 951 4210 hnj.)
987 4134 1073 4214 ergo
1101 4114 1346 4216 rectangulum
1373 4114 1442 4194 EG
1475 4117 1513 4190 in
