4134 5460
406 433 704 554 Seinonum
730 433 1048 551 Conicarum
1067 403 1193 551 Lib.
1206 453 1208 462 ’
1230 435 1274 552 Ι
1425 481 1501 595 29

198 631 261 724 cst,
294 657 378 708 narn
403 633 429 708 sr
454 637 527 712 duo
555 635 661 710 effent
687 651 805 708 centra
830 629 1007 734 Ellipseos,
1050 653 1145 709 recta
1170 633 1291 734 Ellipfi
1316 637 1506 710 terminata

198 745 359 823 bifariam
371 747 562 824 secarenrr
553 775 588 828 tn
600 748 738 823 duobus
752 747 903 846 punctis,
930 689 1047 849 QE.
1065 747 1107 824 A.

224 941 345 1020 Con.
369 943 397 1020 1.
423 943 555 1019 Omnes
570 964 671 1020 rectae
682 943 879 1044 jungentes
892 961 1074 1020 contactus
1086 945 1239 1026 duarum
1259 891 1505 1042 parallelarum

196 1055 356 1154 Ellipsrm
370 1076 430 1132 aut
443 1059 667 1157 Hyperbolas
680 1056 857 1156 oppositas
875 1060 1172 1155 contingentium,
1197 1057 1230 1132 se
1246 1079 1370 1134 mutuo
1385 1055 1505 1131 bifari-

193 1193 254 1244 am
267 1171 404 1246 secant
395 1196 430 1247 ιιι
444 1175 726 1270 unoeodemque
738 1193 871 1270 puncto
883 1174 1013 1248 seilicet·
1024 1193 1163 1248 centro:
1176 1173 1323 1248 namsr'
1315 1171 1502 1248 indiveriis

193 1283 381 1380 punctis
358 1284 522 1356 bifariam
537 1271 651 1358 ¹secari
675 1285 811 1382 pqsfint,
846 1286 947 1382 plura
973 1282 1095 1358 essent
1108 1303 1228 1358 centra
1254 1286 1420 1394 Ellipieos
1444 1302 1506 1361 aut

195 1373 484 1492 Hyperboiarum
496 1395 615 1494 oppos
617 1417 747 1487 tarum
758 1421 804 1470 ex
818 1399 933 1502 prima
947 1415 1082 1494 parte
1061 1384 1365 1488 demdnstrationis
1378 1420 1505 1496 praeee-

198 1509 348 1600 dentis,
351 1529 472 1586 contra
483 1509 604 1608 quod'
595 1536 630 1584 m
643 1505 795 1585 secunda
809 1508 986 1588 ostensum
997 1511 1057 1590 est

244 1625 341 1697 Con.
368 1621 485 1698 ltu
425 1625 570 1732 Qaevis
585 1644 681 1698 recta
694 1644 736 1700 ut
750 1623 850 1718 LV,
834 1649 991 1722 ungens
1004 1642 1186 1700 contactus
1198 1625 1506 1724 duantmparalie

198 1737 314 1810 larum
340 1739 638 1836 contingentium
645 1737 728 1830 LT,
750 1737 833 1830 VX,
860 1735 963 1812 trans
965 1758 979 1812 t
951 1762 1089 1836 ιρει
1098 1757 1263 1814 centrum
1293 1741 1505 1837 &proinde

195 1853 243 1924 est
271 1850 443 2039 ‹igemeter
474 1848 639 1950 Ellipseo's
680 1869 741 1975 aut
779 1851 952 1976 diameter
983 1851 1170 1970 transversa
1204 1844 1505 1950 Hyperbolarum,

194 1976 258 2058 per
345 1962 363 2034 f
403 1985 571 2062 17..

245 2077 340 2152 Con.
356 2077 430 2152 ΙΙ.Ι
456 2077 558 2153 Hinc
572 2082 655 2154 duae
669 2080 915 2194 «intingentes
935 2077 1021 2170 LT,
1044 2077 1128 2165 VX,
1150 2079 1265 2150 ductae
1281 2099 1343 2172 per
1355 2097 1504 2150 vertices

193 2181 250 2281 eju
226 2187 348 2260 usdem
365 2187 527 2260 diametri
544 2185 608 2260 LV
634 2178 799 2284 Empseos
824 2207 886 2261 aut
905 2183 1193 2283 Hyperbolarum
1208 2186 1285 2259 sunt
1312 2185 1503 2284 parallelae·
1495 2245 1511 2262 .

195 2299 294 2368 Nam
310 2295 335 2370 fi
353 2321 435 2389 non,
461 2297 542 2372 duci
557 2299 669 2394 potest
694 2299 762 2372 ah'a
785 2301 992 2398 contingens
1016 2299 1078 2374 uni
1092 2323 1215 2374 earum
1231 2301 1393 2398 parallela
1409 2303 1503 2394 (Cor.

200 2431 231 2480 ι.
253 2426 306 2508 17.
332 2407 433 2515 nujus
392 2413 532 2508 us)&
535 2428 629 2492 recta
643 2429 826 2504 contactus
844 2411 974 2486 harum
988 2411 1254 2510 parallelarumj
1258 2437 1395 2519 ungens
1411 2431 1503 2486 tran-

192 2512 272 2595 firet
286 2535 446 2618 quoque
465 2545 528 2619 per
551 2511 717 2599 'centrum
745 2525 840 2615 (Cor.
860 2543 889 2596 1.
897 2501 1032 2620 nujus)
1042 2523 1139 2618 quod
1157 2522 1206 2595 est
1221 2511 1420 2598 absnrdum.
1503 2534 1508 2542 '

244 2633 342 2711 Con.
366 2633 424 2709 IV
443 2635 553 2708 Nulla
576 2645 671 2709 reeta
685 2630 932 2734 Hyperbtilam'
946 2628 1155 2732 contingens
1171 2657 1235 2730 per
1251 2649 1416 2708 centrum·
1432 2634 1506 2730 ejus

194 2747 337 2837 transrt,
376 2771 462 2824 nam
488 2747 514 2822 fi
538 2767 632 2822 recta
658 2749 792 2846 qrmvia
819 2751 1001 2848 conr'mgat
1029 2749 1289 2846 Hyperbolam,
1319 2751 1386 2824 alia
1411 2772 1506 2826 recta

196 2861 258 2957 ipsr
288 2861 453 2957 parallela
478 2853 682 2955 contingere
705 2859 818 2953 potest
843 2855 1090 2955 Hyperboiam
1120 2861 1316 2957 oppositam
1344 2865 1439 2954 (Cor.
1473 2889 1502 2938 1.

199 2997 254 3071 ¹7·
283 2971 403 3072 hujus)
429 2977 467 3048 &
496 2990 591 3046 recta
626 2993 750 3044 earum
784 2989 966 3045 contactus
993 2967 1151 3068 jungens
1181 2971 1300 3044 transit
1336 2995 1398 3068 per
1424 2999 1506 3045 cens

193 3107 303 3178 trum,
346 3091 383 3164 δι
423 3085 570 3182 proinde
596 3101 721 3160 neutra
753 3084 905 3182 ipsarum
937 3085 1220 3184 contingentium
1251 3110 1313 3184 per
1345 3105 1507 3161 centrum

195 3199 340 3272 transire
354 3201 477 3294 potest.

246 3313 343 3386 Cor.
369 3311 413 3385 V.
442 3309 540 3382 Hine
558 3307 690 3402 quaevis
705 3327 800 3381 recta
823 3310 930 3382 ducta
953 3333 975 3384 a
999 3329 1121 3385 centro
1144 3315 1174 3410 C
1199 3311 1425 3408 Hyperbolae,
1462 3315 1514 3387 ads

195 3444 370 3522 punctum
384 3424 420 3496 in
437 3413 540 3510 eaV,
564 3419 630 3493 erit
650 3419 1126 3513 semidiametertrtnsversa,
1153 3446 1239 3496 nam
1261 3417 1506 3520 Hyperbolam

195 3563 266 3614 non
281 3538 461 3634 continget
473 3559 510 3610 ιιι
527 3533 637 3632 Vper
651 3533 730 3608 Cor.
756 3535 901 3644 praeced.
927 3559 1012 3636 ergo
1038 3559 1101 3634 per
1123 3539 1158 3611 V
1172 3539 1322 3613 ducatur
1336 3535 1405 3610 VX
1422 3565 1506 3614 con·

195 3649 334 3750 tingens
366 3645 622 3745 Hyperbelam,
661 3650 699 3720 δι
708 3635 808 3719 hnic
832 3647 995 3741 parallela
1020 3649 1168 3722 dueatur
1184 3649 1270 3741 LT',
1298 3652 1511 3748 contingens

195 3759 441 3864 Hyperbelam
464 3755 680 3857 oppositam·
723 3769 821 3869 patet
851 3757 1068 3858 jungentem
1094 3745 1160 3834 LV
1199 3761 1264 3868 effe
1292 3763 1507 3836 diametrum

197 3874 425 3950 transversum
442 3884 530 3972 (per
537 3865 636 3944 Cor.
662 3859 730 3964 a.)
725 3860 789 3944 δι’
797 3859 946 3968 'proinde
971 3873 1171 3948 coincidere
1190 3897 1295 3965 mim
1309 3870 1404 3983 'recta
1430 3875 1505 3982 CV,

199 3996 283 4072 ergo
295 3973 367 4052 hec
384 3969 543 4052 recteest
557 3965 1031 4047 semidiametertransversa

921 4232 925 4244 ·
1053 4256 1148 4274 tm
1207 4199 1506 4294 ‘LPROR
