4156 5474
437 361 735 494 Sediionum
765 372 1082 494 Conicarum
1109 379 1237 496 Lib.
1260 385 1339 500 V.
1418 439 1422 451 ·
1446 393 1563 544 189

311 653 405 729 Con.
431 653 457 728 Ι.
484 653 520 726 Si
550 669 645 727 recta
664 653 797 752 quevis
816 649 877 726 TS
906 653 1095 730 sectionem
1122 655 1282 730 conicam
1308 659 1499 756 contingat,
1531 677 1567 732 et

260 795 282 844 a
304 789 436 868 puncto
459 788 641 844 contactus
666 771 818 867 erigatur
837 771 1131 868 perpendicularis
1158 774 1203 845 ad
1230 773 1494 868 contingentem
1509 796 1567 844 oc·

259 905 401 962 currens
416 883 471 956 axi
481 883 672 958 transverso
682 884 839 958 sectionis
855 883 889 957 in
905 886 945 978 P,
969 886 1034 958 erit
1050 885 1119 980 ipsa
1134 883 1201 958 PT
1217 903 1311 960 recta
1327 885 1475 958 minima
1486 907 1563 979 quae

256 997 303 1068 ab
329 999 455 1072 eodem
479 1015 611 1094 puncto
637 1000 677 1090 P,
708 997 789 1070 duci
821 1001 932 1095 potest
956 1000 1000 1072 ad
1026 997 1238 1084 sectionem,
1273 999 1330 1071 vel
1352 996 1377 1071 s1
1402 1017 1561 1072 occurrat

256 1113 311 1186 axi
322 1112 472 1188 secundo
484 1111 702 1216 ¹Hyperbolae
714 1133 775 1188 aut
787 1112 951 1210 Ellipseos
968 1113 1004 1187 in
1017 1132 1148 1210 puncto
1159 1115 1217 1204 Q
1231 1113 1296 1186 erit
1306 1113 1341 1186 in
1355 1114 1562 1212 Hyperbola

256 1245 350 1300 recta
367 1226 446 1326 QT
462 1229 622 1320 minima,
646 1231 683 1303 δι
701 1227 738 1301 in
753 1227 872 1324 Ellipsr
887 1229 1054 1318 maxima,
1078 1252 1155 1322 quae
1170 1227 1361 1308 abeodem
1377 1223 1508 1325 puncto
1523 1229 1584 1320 Q

253 1341 335 1416 duci
356 1341 468 1438 potest
492 1345 537 1416 ad
562 1343 762 1436 sectionem,
792 1343 870 1416 seiz.
888 1344 932 1415 ad
948 1345 1099 1416 eandem
1114 1361 1250 1439 partem
1266 1343 1348 1416 axis.
1399 1345 1557 1415 Ducatur

253 1453 349 1528 enim
376 1463 547 1554 apuncm
573 1456 611 1530 T
636 1457 681 1530 ad
708 1480 812 1530 axem
830 1457 1072 1546 transversum,
1103 1473 1197 1528 recta
1226 1457 1257 1528 ei
1282 1455 1471 1528 ordinatim
1496 1481 1558 1555 ap·

250 1567 389 1664 plicata,
423 1595 609 1646 occurrens
638 1571 778 1646 sectioni
810 1571 939 1642 iterum
979 1571 1015 1642 in
1051 1569 1097 1660 R,
1135 1574 1172 1643 ὅτ
1201 1570 1283 1644 huic
1313 1571 1368 1642 axi
1396 1589 1555 1642 occurrat

251 1682 460 1778 contingens
472 1681 533 1756 TS
547 1685 582 1757 in
602 1683 626 1757 S
643 1720 652 1771 ;
677 1679 878 1779 eritjuncta
892 1679 952 1753 SR
967 1681 1174 1775 contingens
1192 1683 1286 1774 (Cor.
1301 1705 1332 1758 2.
1353 1682 1408 1756 26.
1428 1683 1486 1755 lib.
1507 1685 1552 1769 ι.)

251 1791 289 1863 dc
302 1795 443 1888 aequalis
459 1791 520 1890 ipsr
536 1795 609 1883 ST,
632 1793 747 1868 &erit
756 1793 883 1890 juncta
903 1791 967 1867 PR
977 1791 1119 1884 aequalis
1141 1788 1203 1886 ips1
1224 1791 1313 1866 PT:
1332 1817 1416 1890 ergo
1429 1812 1554 1868 mutuo

247 1905 469 2003 aequiangula
493 1908 571 1982 sunt
590 1907 763 2002 triangula
782 1903 888 1988 PTS,
903 1903 994 1976 PRS
1017 1909 1053 1976 δι
1068 1904 1216 1998 proinde
1231 1907 1380 2000 angulus
1402 1907 1488 1980 PRS
1504 1905 1554 1978 est

249 2037 385 2100 rectus,
420 2020 526 2110 igitur
553 2017 703 2087 circulus
723 2034 845 2088 centro
871 2017 900 2088 P
929 2013 1118 2105 descriptus
1142 2013 1309 2086 transiens
1331 2040 1393 2111 per
1421 2035 1552 2115 puncta

248 2125 340 2234 T&
356 2127 392 2202 R
419 2127 601 2226 continget
615 2148 726 2202 rectas
751 2125 824 2217 ST,
840 2125 901 2198 SR
922 2131 961 2202 dc
983 2127 1130 2223 proinde
1152 2125 1337 2201 sectionem
1363 2133 1399 2204 in
1414 2132 1553 2226 punctis

245 2235 295 2332 T,
313 2237 352 2314 ὅ(
366 2241 413 2332 R,
435 2246 474 2316 δε
498 2243 603 2337 igitur
625 2242 686 2314 iste
702 2237 853 2311 circulus
875 2239 984 2340 ,cadet
1010 2255 1104 2311 totus
1131 2239 1220 2310 intra
1248 2239 1447 2331 sectionem,
1471 2251 1549 2336 (per

244 2353 335 2429 hanc
360 2357 480 2451 Prop.)
506 2371 542 2427 et
568 2375 653 2449 ergo
682 2351 799 2422 radius
818 2351 935 2424 circuli
957 2348 1025 2422 PT
1043 2351 1092 2423 est
1114 2352 1264 2423 minima
1290 2375 1396 2444 recta,
1415 2378 1503 2450 quae
1528 2381 1549 2427 a
1633 2351 1634 2354 '

242 2465 416 2562 punctoP
441 2465 523 2539 duci
540 2463 650 2560 potest
675 2463 719 2534 ad
745 2463 931 2533 sectionem
956 2459 1033 2531 sciz.
1063 2461 1106 2530 ad
1124 2461 1276 2533 eandem
1302 2487 1438 2558 partem
1464 2469 1553 2542 axis.'

243 2575 383 2664 Eodem
401 2579 538 2677 prorsus
556 2577 676 2664 modo,
701 2597 786 2647 eum
816 2571 1111 2670 perpendicularis
1132 2573 1175 2644 ad
1195 2575 1459 2670 contingentem
1489 2582 1550 2654 TS

242 2716 402 2768 occurrat
434 2695 489 2767 axi
513 2684 893 2784 secundoHyperbolae
915 2706 975 2759 aut
1003 2683 1169 2780 Ellipseos
1198 2687 1233 2758 in
1264 2689 1324 2782 Q
1350 2693 1550 2766 ostendetur
1583 2733 1593 2756 ι

243 2791 417 2863 circulum
441 2789 537 2861 radio
560 2787 634 2880 (ΣΡ
658 2787 869 2879 descriptum
899 2785 1024 2854 cudere
1054 2801 1170 2856 totum
1196 2803 1294 2861 extra
1322 2785 1547 2886 Hyperbolus

244 2923 305 2980 aut
322 2903 492 3002 Ellipsrm,
517 2925 601 3000 ergo
616 2897 749 3010 constat
766 2895 999 2970 corollarium.

244 3109 247 3118 Δ
291 3037 390 3111 Con.
414 3036 461 3110 11.
487 3034 523 3108 Si
539 3052 633 3108 recta
657 3027 731 3108 TR
756 3024 872 3124 Ellipsr
895 3037 956 3099 aut
983 3027 1191 3125 Hyperbold
1212 3027 1398 3103 terminata
1424 3031 1464 3107 fit
1488 3036 1544 3109 axi

238 3151 314 3249 ejus
330 3147 394 3222 AB
417 3150 607 3222 ordinatim
633 3143 817 3242 applicata,
841 3157 877 3214 et
900 3139 1051 3214 circulus
1075 3139 1240 3214 translens
1268 3163 1330 3238 per
1352 3165 1482 3240 puncta
1506 3147 1544 3220 T

241 3283 278 3338 et
297 3265 344 3355 R,
359 3263 542 3358 contingat
557 3261 745 3334 sectionem
758 3257 794 3328 in
811 3279 882 3327 uno
894 3273 1026 3350 puncto
1042 3253 1093 3345 T,
1109 3279 1189 3327 eam
1204 3277 1346 3350 quoque
1363 3263 1544 3356 continget

240 3380 278 3451 in
301 3378 408 3452 altero
423 3391 557 3472 puncto
571 3373 630 3464 R;
659 3394 743 3444 nam
766 3367 886 3441 circuli
910 3385 1073 3438 centrum
1091 3369 1133 3457 P,
1159 3371 1225 3440 erit
1248 3369 1283 3441 in
1302 3393 1366 3442 axe
1386 3371 1542 3446 sectionis

237 3489 322 3577 AB,
346 3491 495 3562 ducatur
519 3509 581 3582 per
605 3485 643 3558 T
670 3480 870 3558 communis
895 3478 1101 3576 contingens
1120 3477 1184 3552 TS
1210 3483 1265 3553 axi
1282 3479 1344 3553 ΑΒ
1359 3509 1543 3558 occurrens

240 3605 276 3678 in
299 3599 336 3692 S,
362 3601 512 3695 angulus
533 3596 626 3671 PTS
647 3605 803 3691 (propter
827 3593 1016 3687 circulum)
1037 3592 1102 3664 erit
1129 3610 1255 3685 rectus,
1281 3613 1316 3667 et
1330 3595 1456 3690 juncta
1484 3599 1542 3671 SR

232 3715 421 3794 sectionem
435 3709 627 3804 continget,
646 3704 773 3799 juncta
788 3705 893 3796 igitur
916 3703 992 3793 PR,
1019 3705 1152 3777 ostendi
1175 3709 1296 3798 potest,
1327 3727 1367 3778 ut
1392 3710 1427 3782 in
1455 3709 1534 3784 Cor.

236 3819 339 3929 praec.
354 3826 450 3922 quod
463 3819 612 3920 angulus
619 3817 705 3893 PRS
721 3812 762 3890 sit
776 3831 890 3886 rectus
905 3837 912 3883 :
928 3833 1012 3906 ergo
1027 3805 1178 3885 circulus
1193 3819 1385 3912 continget,
1407 3839 1540 3893 rectam

238 3945 299 4022 RS
319 3967 361 4017 ac
374 3941 533 4048 proinde,
550 3936 659 4038 ipsam
670 3933 858 4012 sectionem
872 3927 908 4001 in
923 3942 1057 4025 puncto
1071 3925 1118 3999 R.

1353 4150 1534 4232 PROP.
