4054 5462
339 397 637 522 Sestionum
662 402 982 522 Conicarum
1010 403 1141 524 Lib.
1193 409 1272 524 11.
1392 456 1428 568 9
1437 453 1470 574 ς

151 583 271 683 PLR,
298 611 339 669 ut
367 599 597 694 (quadratum
613 624 658 674 ex
672 596 763 691 HT,
792 601 838 674 ad
854 600 1068 696 quadratum
1090 625 1136 675 ex
1153 600 1223 676 TL
1240 605 1338 698 (Cor.
1360 606 1392 682 6.
1417 613 1475 684 18.

149 696 224 774 lib.
246 709 293 794 1.)
312 705 385 782 [ive
402 729 545 808 propter
562 713 740 810 parallelas
757 715 814 810 ut)
829 713 1044 809 quadratum
1061 739 1107 788 ex
1120 713 1186 789 AF
1200 719 1246 791 ad
1261 721 1476 814 quadratum

147 836 203 888 ex
231 815 263 889 F
264 820 327 914 Q
350 821 410 898 sed
436 827 646 922 quadrarunt
669 849 715 900 ex
731 825 807 899 AH
827 826 877 900 est
900 829 1038 924 aequale
1063 829 1235 924 quadrato
1259 857 1305 904 ex
1321 829 1386 904 AF
1411 854 1475 929 per
1499 804 1506 830 ⁸

148 923 561 1142 harppgroposrtionern:
593 963 679 1038 ergo
703 939 950 1036 rectangulum
966 939 1062 1015 PLR
1083 941 1134 1018 est
1152 941 1286 1039 aequale
1302 945 1473 1042 quadrato
1564 989 1569 996 ·

144 1058 202 1112 ex
295 1099 304 1116 .

606 1276 846 1380 innon
902 1271 951 1356 n

147 1425 237 1508 Per
261 1425 396 1528 focum
420 1435 448 1516 F
474 1431 645 1518 sectionis
675 1438 818 1520 conicae
838 1438 962 1534 RAP,
994 1437 1154 1518 ducatur
1173 1439 1248 1520 FT
1265 1437 1468 1520 ordinatim
1503 1437 1573 1500 ¹²¹⁰·
1606 1465 1637 1525 9,

172 1633 177 1638 .
216 1556 485 1664 applicataaxi
516 1565 601 1659 AB,
637 1567 676 1646 δι
702 1567 863 1646 ducatur
901 1564 1127 1672 contingens
1152 1562 1281 1646 focaiis
1300 1566 1394 1660 TD,
1427 1567 1467 1645 δι
1590 1542 1637 1661 i‘f’

213 1707 238 1760 a
269 1687 404 1790 quovis
431 1710 577 1797 puncto
595 1692 639 1786 P,
676 1691 716 1784 in
744 1689 817 1772 hac
837 1690 1000 1772 sectione
1019 1691 1078 1770 vel
1099 1689 1261 1772 sectione
1286 1691 1469 1801 oppofita,

214 1805 377 1890 ducatur
394 1831 494 1892 recta
512 1815 560 1892 ad
578 1813 710 1894 focum
729 1815 774 1908 F,
801 1817 841 1894 δε
860 1811 1180 1926 perpendicularis
1202 1815 1280 1913 PQ
1292 1815 1338 1892 ad
1355 1842 1470 1896 axem
1586 1847 1590 1852 ·

211 1935 300 2028 AB,
336 1963 539 2035 occurrens
562 1939 644 2018 TD
675 1939 914 2045 contingenti
942 1937 1056 2020 focali
1085 1937 1124 2016 in
1153 1938 1214 2032 L;
1253 1955 1366 2016 crunt
1390 1939 1468 2031 PF,

211 2059 502 2166 LQequales.

259 2261 510 2338 CCURRAT
534 2284 629 2339 recta
641 2263 872 2358 PQsoctioni
889 2265 1017 2339 iterum
1033 2264 1069 2338 in
1084 2264 1139 2352 R;
1170 2265 1339 2358 quoniam
1355 2288 1467 2364 angn-
1707 2263 1720 2274 “

254 2389 257 2397 “
282 2379 336 2454 lus
355 2375 385 2448 F
385 2376 448 2472 Q>
464 2378 512 2450 est
532 2397 658 2466 rectus,
691 2379 906 2472 quadratum
928 2401 972 2452 ex
993 2375 1050 2450 FP
1067 2373 1202 2472 aequale
1219 2377 1268 2450 est
1289 2380 1467 2472 quadratis
1594 2361 1607 2376 ⁵

144 2511 196 2564 ex
210 2485 464 2583 PQFQhoc
481 2489 544 2580 est,
572 2491 669 2581 (Cor.
687 2495 807 2586 praec.)
825 2490 997 2582 quadrato
1011 2513 1056 2561 ex
1069 2487 1317 2580 Panacum
1332 2511 1466 2564 rectan·
1488 2545 1493 2553 -

143 2601 240 2700 gulo
263 2602 370 2691 PLR,
401 2603 468 2675 hoc
495 2602 558 2693 est,
592 2601 764 2697 quadrato
791 2625 836 2675 ex
860 2601 1030 2701 LQpet
1046 2599 1082 2674 6.
1103 2608 1155 2698 2.)
1179 2623 1263 2697 ergo
1289 2619 1383 2673 recta
1409 2603 1467 2674 FP

145 2712 300 2810 aquatis
314 2713 364 2803 en
379 2712 441 2809 ipsi
455 2715 550 2806 LQ
629 2725 632 2732 ·
1302 2711 1350 2810 Q
1365 2711 1404 2790 n.
1421 2715 1466 2790 o.

374 3155 377 3161 ’
494 3131 1132 3267 onrrnrrrotn

255 3329 501 3420 CCURRAT
530 3331 737 3428 contingens
770 3327 891 3402 focalis
915 3326 994 3399 TH
1020 3327 1086 3400 axi.
1101 3328 1288 3419 parabolae,
1318 3327 1376 3400 vel
1404 3330 1460 3404 axi
1490 3365 1563 3433 pm·
1598 3394 1629 3455 9.

279 3445 469 3518 transverso
483 3444 649 3540 Ellipseos
667 3459 728 3516 aut
740 3438 954 3538 Hyperbolae
974 3437 1039 3511 AB
1054 3439 1090 3512 in
1111 3455 1244 3537 puncto
1259 3439 1306 3530 D,
1335 3443 1373 3515 ὅτ
1397 3463 1460 3536 per
1582 3472 1629 3525 ro,

144 3579 329 3658 punctum
341 3558 378 3632 D
392 3557 540 3632 ducamr
561 3574 663 3630 recta.
683 3552 743 3652 ipti
760 3553 824 3627 AB
838 3551 1134 3652 perpendicularis
1147 3579 1168 3630 ε.
1190 3550 1267 3626 haec
1290 3568 1384 3627 recta
1399 3555 1460 3632 Di·
1582 3555 1626 3597 ¹¹·

146 3678 262 3752 rectrix
270 3671 431 3746 sectionis
445 3673 575 3744 conicae
588 3667 729 3744 dicitur.
861 3695 864 3702 ¹

173 3909 177 3919 .
197 3849 295 3928 Con.
311 3849 338 3926 I.
364 3845 494 3922 Omnis
508 3861 603 3918 recta
616 3839 789 3916 directrici
806 3839 1307 3935 Parabolaeperpendicularis,
1323 3839 1372 3913 est
1386 3841 1461 3914 dia-⁴

146 3969 279 4049 meter,
303 3955 342 4031 &
362 3977 497 4048 contra,
511 3971 568 4028 .ut
582 3971 679 4052 patet
693 3974 738 4026 cx
752 3949 834 4024 Cor.
849 3973 883 4044 4.
905 3949 950 4021 nd
964 3947 1046 4023 Def.
1063 3947 1267 4024 Sectionunr
1282 3949 1343 4023 lib:
1362 3971 1391 4028 1.

170 4067 176 4074 “
198 4071 299 4146 Con.
315 4071 359 4150 ΙΙ.
400 4069 574 4149 Distantia
590 4066 782 4142 directricis
797 4088 818 4138 a
832 4062 963 4137 vertice
977 4062 1156 4140 Parabolae
1171 4063 1314 4164 aequalis
1331 4069 1379 4142 est
1392 4066 1457 4142 dis-

150 4184 276 4279 rantiae
298 4179 370 4263 foci
392 4189 438 4265 ab
457 4186 584 4266 eodem
598 4182 729 4263 vertice
748 4203 811 4284 per
824 4181 927 4283 Prop.
950 4197 1010 4280 47.
1043 4178 1103 4260 lib.
1128 4199 1158 4260 1.
1355 4293 1387 4368 c

1389 4316 1452 4369 on.
