4156 5474
558 345 675 510 156
751 332 1046 459 Satrianum
1073 325 1388 448 Conicarum
1423 318 1551 441 Lib.
1582 316 1693 434 IV.

545 560 581 616 et
598 567 617 614 a
633 559 765 638 punctu
790 537 1011 636 Caequaliter
1026 532 1166 624 distant,
1188 527 1364 630 quotlibet
1386 523 1529 626 Ellipses
1548 539 1611 600 aut
1632 509 1846 620 Hyperbola

546 655 690 726 describi
705 653 851 749 possunt,
867 675 943 748 quae
958 645 1170 726 Problemati
1186 645 1406 720 satisfacient.

538 793 541 802 ’
601 784 636 856 Si
661 805 746 855 vero
766 782 819 854 hae
843 796 944 854 rectae
968 775 1044 870 En,
1060 776 1126 853 ΡΝ
1148 775 1326 876 equaliter
1347 761 1477 848 distant
1500 795 1522 845 a
1553 781 1686 870 puncto
1699 760 1743 850 C,
1763 777 1849 833 cum

545 897 624 968 sunt
640 895 840 990 inaequales,
864 896 919 968 vel
932 891 1149 988 inequaliter
1164 891 1292 966 distant
1308 889 1354 963 ab
1370 890 1498 964 eodem
1510 903 1657 984 puncto,
1674 901 1759 954 cum
1770 875 1847 950 sunt

548 1007 713 1101 aequales,
740 1006 927 1080 Problema
954 1005 1005 1078 est
1033 1003 1247 1100 impossibile.
1297 1004 1333 1076 Si
1358 1019 1452 1077 recta
1481 1000 1599 1076 minor
1626 991 1687 1070 EF
1712 989 1849 1088 longius

546 1119 682 1192 distata
707 1137 837 1214 puncto
863 1119 894 1190 C
915 1139 1025 1212 quam
1052 1135 1146 1190 recta
1170 1115 1280 1212 major
1304 1115 1383 1207 ΡΝ,
1406 1114 1510 1188 sectio
1533 1107 1759 1214 describenda
1787 1101 1854 1176 erit

548 1229 694 1327 Ellipsrs,
728 1229 862 1305 sivero
893 1230 1107 1305 contrarium
1133 1233 1302 1321 eveniat‚'
1324 1229 1556 1305 describenda
1578 1227 1655 1300 sunt
1683 1219 1856 1296 sectiones

548 1343 741 1440 opposrtae;
767 1347 804 1418 δι
827 1367 913 1418 cum
935 1344 971 1416 in
1003 1361 1155 1438 utroque
1186 1343 1265 1418 casu
1294 1357 1393 1440 patet
1420 1341 1589 1416 sectiones
1611 1332 1858 1411 describendas

551 1455 733 1530 necessario
768 1453 909 1530 transire
933 1479 995 1554 pet
1018 1455 1076 1529 sex
1101 1475 1233 1551 puncta
1254 1455 1337 1528 data
1360 1477 1405 1528 ex
1428 1451 1688 1528 conditionibus
1710 1445 1857 1523 Proble-

548 1569 682 1653 matis;
708 1567 935 1641 manifestum
964 1567 1026 1659 est,
1051 1569 1149 1663 quod
1179 1569 1284 1642 unica
1306 1565 1444 1664 Ellipsrs
1479 1563 1626 1641 describi
1647 1559 1771 1660 potest,
1797 1553 1859 1632 vel

545 1677 624 1748 duae
650 1695 790 1747 tantum
816 1675 1030 1769 Hyperbolae
1054 1677 1231 1771 oppositae,
1270 1701 1351 1770 quae-
1394 1677 1610 1752 Problemati
1648 1671 1861 1748 satisfacient

540 1786 624 1880 quia
648 1785 728 1858 duae
756 1784 922 1856 sectiones
937 1784 1066 1856 conicae
1092 1788 1149 1858 vel
1171 1787 1339 1856 sectiones
1354 1785 1528 1894 'oppositae
1552 1811 1616 1884 per
1629 1789 1712 1860 Cor.
1737 1809 1770 1879 3.
1793 1783 1857 1880 56.

546 1899 605 1972 lib.
632 1917 665 1970 1.
689 1894 751 1970 srbi
775 1897 929 1973 invicem
953 1921 1135 1972 occurrere
1158 1899 1393 1995 nequeunt'in
1410 1900 1569 1997 quinque
1584 1901 1725 1996 punctis
1742 1901 1863 1975 multo

547 2010 800 2085 mmmm

556 2191 559 2200 ,
602 2121 689 2192 Haec
713 2119 903 2216 Proposrtio
927 2120 1066 2217 ejusque
1093 2119 1272 2196 corollaria
1299 2135 1340 2193 ut
1368 2136 1405 2195 et
1427 2117 1559 2216 Propp.
1588 2140 1643 2218 14.
1675 2141 1734 2222 15.
1759 2125 1861 2226 hujus

548 2230 780 2305 desumuntur
795 2255 839 2304 ex
849 2255 956 2329 opera
971 2235 1073 2310 illust.
1097 2233 1291 2308 Marchmris
1303 2233 1341 2304 de
1350 2231 1378 2303 l'
1388 2231 1541 2326 ssospr'tal.

355 2501 426 2581 pig·
456 2517 501 2575 u.
979 2419 985 2428 ·
1044 2426 1254 2508 inor.
1309 2425 1379 2508 xr.

462 2595 508 2654 14·
559 2607 690 2720 Ellipsr
718 2628 783 2692 aut
816 2610 1048 2718 Hyperbolis
1079 2613 1257 2723 oppofitis
1286 2613 1470 2726 pofitione
1502 2618 1597 2701 datis
1631 2621 1847 2704 inscribatur

615 2736 1020 2844 parallelogrammum
1037 2739 1208 2834 KLNO‚
1223 2740 1251 2820 s1
1264 2741 1447 2825 diameter
1459 2746 1530 2826 AB
1544 2747 1717 2834 bifariam
1728 2753 1854 2836 secane

610 2857 726 2940 latera
736 2861 815 2970 ejus
827 2861 996 2973 opposita
1010 2862 1050 2942 in
1065 2865 1104 2943 R
1122 2865 1161 2946 bc
1174 2866 1202 2946 S
1222 2869 1385 2978 punctis,
1398 2869 1548 2980 semper
1561 2874 1689 2956 datam
1708 2877 1847 2964 habeat

607 2987 802 3069 rationem
821 2988 868 3068 ad
890 2987 1002 3098 ipsius
1020 2988 1262 3098 segmentum
1287 2995 1351 3076 RS
1387 2992 1485 3073 inter
1503 2995 1569 3076 ista
1604 2995 1719 3078 latera
1729 3041 1744 3094 3
1770 3009 1856 3087 erit

619 3113 1020 3224 parallelogrammum
1036 3117 1194 3210 KLNO
1212 3117 1359 3231 semper
1378 3118 1545 3227 ejusdem
1560 3123 1851 3232 nraguitudinist

559 3405 562 3410 .
642 3313 708 3390 IT
742 3318 773 3391 C
802 3335 964 3393 centrum
985 3320 1157 3412 lectionis,
1184 3339 1302 3398 erunt
1325 3321 1404 3415 cR,
1428 3321 1485 3400 CS
1514 3324 1662 3422 equales
1692 3348 1733 3406 ut
1758 3354 1866 3434 patet,

555 3459 558 3468 ¹
653 3429 802 3502 ducatur
818 3432 988 3506 diameter
1009 3431 1262 3528 Mmparallela
1275 3435 1440 3508 lateribus
1460 3435 1542 3527 LN,
1567 3439 1648 3529 ΚΟ,
1664 3445 1731 3518 erit
1749 3449 1865 3544 conju-

565 3556 648 3634 gata
664 3539 725 3631 ipfi
735 3539 795 3610 AB
811 3578 820 3626 ;
844 3543 1011 3615 circa'has
1026 3543 1227 3638 conjugatas
1256 3541 1468 3616 describatur
1484 3546 1869 3656 parallelogrammum,

559 3651 634 3726 ¹erit
657 3651 917 3748 aequiangulum
940 3655 1277 3752 'parallelogrammo
1302 3649 1458 3748 KLNO,
1478 3677 1514 3732 et
1540 3663 1689 3756 proinde
1706 3669 1778 3744 hac
1806 3697 1869 3768 pa-

565 3767 847 3865 rallelogramma
877 3765 955 3842 sunt
982 3768 1072 3842 inter
1091 3767 1133 3841 -se
1150 3767 1197 3841 -in
1216 3769 1360 3842 ratione
1386 3769 1579 3872 composita
1605 3803 1650 3852 ex
1676 3782 1871 3860 rationibus

556 3882 745 3967 ''laterum-3
777 3904 839 3980 per
854 3879 1059 3978 hypothesin
1075 3882 1163 3954 tatio
1189 3877 1293 3977 ipsius
1316 3881 1378 3957 AB
1405 3885 1450 3957 ad
1474 3883 1535 3960 Rs
1562 3885 1632 3962 five
1662 3889 1728 3964 KL
1751 3895 1869 3991 datur,

569 3991 880 4088 ergo-'daturra'tio
893 3993 1052 4086 quadrati
1072 4015 1117 4064 ex
1132 3987 1194 4062 CB
1212 3991 1273 4083 (ad
1286 3994 1499 4087 quadratum
1522 4020 1565 4070 ex
1588 3997 1665 4090 CR,
1692 3998 1731 4074 ὅτ
1747 4003 1868 4102 igitur)

556 4105 617 4174 ,ad
642 4103 886 4199 rectangulum
905 4103 1002 4181 ἈΚΒ
1040 4101 1292 4213 (differentiam
1317 4103 1393 4185 seiz.
1419 4107 1509 4185 inter
1547 4113 1717 4210 quadrata
1733 4127 1784 4194 'ex
1807 4121 1881 4216 CB¹

1833 4249 1870 4306 et
