<?xml version="1.0" encoding="UTF-8"?>
<!DOCTYPE html PUBLIC "-//W3C//DTD XHTML 1.0 Transitional//EN"
    "http://www.w3.org/TR/xhtml1/DTD/xhtml1-transitional.dtd">
<html xmlns="http://www.w3.org/1999/xhtml" xml:lang="en" lang="en">
 <head>
  <title>
</title>
<meta http-equiv="Content-Type" content="text/html;charset=utf-8" />
  <meta name='ocr-system' content='tesseract 3.04.00' />
  <meta name='ocr-capabilities' content='ocr_page ocr_carea ocr_par ocr_line ocrx_word'/>
</head>
<body>
  <div class='ocr_page' id='page_1' title='image "./desectionibusco00hamigoog_0223.png"; bbox 0 0 4156 5474; ppageno 0'>
   <div class='ocr_carea' id='block_1_1' title="bbox 553 407 1660 583">
    <p class='ocr_par' dir='ltr' id='par_1_1' title="bbox 553 407 1660 583">
     <span class='ocr_line' id='line_1_1' title="bbox 553 407 1660 583; baseline -0.002 -33"><span class='ocrx_word' id='word_1_1' title='bbox 553 433 668 583; x_wconf 89' lang='lat'>178</span> <span class='ocrx_word' id='word_1_2' title='bbox 759 411 1053 548; x_wconf 58' lang='lat' dir='ltr'>&amp;trionum</span> <span class='ocrx_word' id='word_1_3' title='bbox 1084 407 1399 545; x_wconf 78' lang='lat' dir='ltr'>Conicarum</span> <span class='ocrx_word' id='word_1_4' title='bbox 1428 427 1555 547; x_wconf 82' lang='lat' dir='ltr'>Lib.</span> <span class='ocrx_word' id='word_1_5' title='bbox 1582 431 1660 548; x_wconf 87' lang='lat' dir='ltr'>V.</span> 
     </span>
    </p>
   </div>
   <div class='ocr_carea' id='block_1_2' title="bbox 541 623 1846 1851">
    <p class='ocr_par' dir='ltr' id='par_1_2' title="bbox 541 623 1846 1851">
     <span class='ocr_line' id='line_1_2' title="bbox 544 623 1834 735; baseline -0.001 -36"><span class='ocrx_word' id='word_1_6' title='bbox 544 629 659 700; x_wconf 92' lang='lat' dir='ltr'>vicem</span> <span class='ocrx_word' id='word_1_7' title='bbox 680 626 923 724; x_wconf 84' lang='lat' dir='ltr'>contingentes</span> <span class='ocrx_word' id='word_1_8' title='bbox 949 649 1010 720; x_wconf 91' lang='lat' dir='ltr'>per</span> <span class='ocrx_word' id='word_1_9' title='bbox 1038 624 1087 714; x_wconf 98' lang='lat' dir='ltr'>N,</span> <span class='ocrx_word' id='word_1_10' title='bbox 1115 623 1153 696; x_wconf 94' lang='lat' dir='ltr'><strong>T</strong></span> <span class='ocrx_word' id='word_1_11' title='bbox 1179 624 1295 735; x_wconf 74' lang='lat' dir='ltr'>ductae</span> <span class='ocrx_word' id='word_1_12' title='bbox 1322 627 1357 698; x_wconf 91' lang='lat' dir='ltr'>in</span> <span class='ocrx_word' id='word_1_13' title='bbox 1377 626 1422 728; x_wconf 84' lang='lat' dir='ltr'>B,</span> <span class='ocrx_word' id='word_1_14' title='bbox 1448 629 1513 702; x_wconf 88' lang='lat' dir='ltr'>erit</span> <span class='ocrx_word' id='word_1_15' title='bbox 1537 645 1709 725; x_wconf 90' lang='lat' dir='ltr'>punctum</span> <span class='ocrx_word' id='word_1_16' title='bbox 1737 623 1766 696; x_wconf 92' lang='lat' dir='ltr'><strong>B</strong></span> <span class='ocrx_word' id='word_1_17' title='bbox 1791 626 1834 698; x_wconf 80' lang='lat' dir='ltr'>ad</span> 
     </span>
     <span class='ocr_line' id='line_1_3' title="bbox 544 726 1836 834; baseline 0.002 -24"><span class='ocrx_word' id='word_1_18' title='bbox 544 760 675 812; x_wconf 85' lang='lat' dir='ltr'>rectam</span> <span class='ocrx_word' id='word_1_19' title='bbox 696 739 778 825; x_wconf 73' lang='grc' dir='ltr'>ΟΡ,</span> <span class='ocrx_word' id='word_1_20' title='bbox 803 763 886 810; x_wconf 87' lang='lat' dir='ltr'>narn</span> <span class='ocrx_word' id='word_1_21' title='bbox 911 761 972 834; x_wconf 92' lang='lat' dir='ltr'>per</span> <span class='ocrx_word' id='word_1_22' title='bbox 996 737 1027 808; x_wconf 90' lang='lat' dir='ltr'>B</span> <span class='ocrx_word' id='word_1_23' title='bbox 1049 737 1198 810; x_wconf 87' lang='lat' dir='ltr'>ducatur</span> <span class='ocrx_word' id='word_1_24' title='bbox 1220 726 1390 810; x_wconf 87' lang='lat' dir='ltr'>diameter</span> <span class='ocrx_word' id='word_1_25' title='bbox 1407 738 1479 813; x_wconf 92' lang='lat' dir='ltr'>CD</span> <span class='ocrx_word' id='word_1_26' title='bbox 1498 746 1535 816; x_wconf 76' lang='grc' dir='ltr'>δι</span> <span class='ocrx_word' id='word_1_27' title='bbox 1560 739 1602 814; x_wconf 87' lang='lat' dir='ltr'>fit</span> <span class='ocrx_word' id='word_1_28' title='bbox 1621 757 1742 814; x_wconf 82' lang='lat' dir='ltr'>vertex</span> <span class='ocrx_word' id='word_1_29' title='bbox 1764 736 1836 832; x_wconf 75' lang='lat' dir='ltr'>ejus</span> 
     </span>
     <span class='ocr_line' id='line_1_4' title="bbox 544 845 1838 948; baseline -0.002 -24"><span class='ocrx_word' id='word_1_30' title='bbox 544 853 592 942; x_wconf 94' lang='lat' dir='ltr'>D,</span> <span class='ocrx_word' id='word_1_31' title='bbox 617 857 653 928; x_wconf 75' lang='grc' dir='ltr'>ὅτ</span> <span class='ocrx_word' id='word_1_32' title='bbox 669 867 826 924; x_wconf 88' lang='lat' dir='ltr'>occurrat</span> <span class='ocrx_word' id='word_1_33' title='bbox 842 845 904 948; x_wconf 87' lang='lat' dir='ltr'>ipsr</span> <span class='ocrx_word' id='word_1_34' title='bbox 929 847 1000 920; x_wconf 89' lang='lat' dir='ltr'>NT</span> <span class='ocrx_word' id='word_1_35' title='bbox 1020 847 1055 919; x_wconf 90' lang='lat' dir='ltr'>in</span> <span class='ocrx_word' id='word_1_36' title='bbox 1079 847 1125 938; x_wconf 90' lang='lat' dir='ltr'>A,</span> <span class='ocrx_word' id='word_1_37' title='bbox 1150 866 1252 920; x_wconf 87' lang='lat' dir='ltr'>erunt</span> <span class='ocrx_word' id='word_1_38' title='bbox 1278 848 1349 938; x_wconf 90' lang='lat' dir='ltr'>CB,</span> <span class='ocrx_word' id='word_1_39' title='bbox 1369 849 1451 939; x_wconf 90' lang='lat' dir='ltr'>CD,</span> <span class='ocrx_word' id='word_1_40' title='bbox 1471 849 1538 924; x_wconf 88' lang='lat' dir='ltr'>CA</span> <span class='ocrx_word' id='word_1_41' title='bbox 1554 849 1838 948; x_wconf 80' lang='lat' dir='ltr'>proportionales,</span> 
     </span>
     <span class='ocr_line' id='line_1_5' title="bbox 546 959 1838 1058; baseline -0.003 -20"><span class='ocrx_word' id='word_1_42' title='bbox 546 964 663 1038; x_wconf 82' lang='lat' dir='ltr'>&amp;erit</span> <span class='ocrx_word' id='word_1_43' title='bbox 681 961 753 1036; x_wconf 87' lang='lat' dir='ltr'>AT</span> <span class='ocrx_word' id='word_1_44' title='bbox 778 960 968 1033; x_wconf 86' lang='lat' dir='ltr'>ordinatim</span> <span class='ocrx_word' id='word_1_45' title='bbox 993 959 1164 1056; x_wconf 86' lang='lat' dir='ltr'>applicata</span> <span class='ocrx_word' id='word_1_46' title='bbox 1189 959 1359 1032; x_wconf 89' lang='lat' dir='ltr'>diametro</span> <span class='ocrx_word' id='word_1_47' title='bbox 1374 959 1454 1050; x_wconf 91' lang='lat' dir='ltr'>CD,</span> <span class='ocrx_word' id='word_1_48' title='bbox 1479 985 1563 1058; x_wconf 87' lang='lat' dir='ltr'>ergo</span> <span class='ocrx_word' id='word_1_49' title='bbox 1578 980 1711 1058; x_wconf 82' lang='lat' dir='ltr'>puncta</span> <span class='ocrx_word' id='word_1_50' title='bbox 1734 963 1775 1052; x_wconf 93' lang='lat' dir='ltr'>B,</span> <span class='ocrx_word' id='word_1_51' title='bbox 1790 963 1838 1052; x_wconf 84' lang='lat' dir='ltr'>D,</span> 
     </span>
     <span class='ocr_line' id='line_1_6' title="bbox 545 1071 1839 1174; baseline -0.002 -25"><span class='ocrx_word' id='word_1_52' title='bbox 545 1077 641 1149; x_wconf 77' lang='lat' dir='ltr'>A&amp;</span> <span class='ocrx_word' id='word_1_53' title='bbox 675 1090 769 1146; x_wconf 87' lang='lat' dir='ltr'>recta</span> <span class='ocrx_word' id='word_1_54' title='bbox 794 1071 906 1144; x_wconf 81' lang='lat' dir='ltr'>NAT</span> <span class='ocrx_word' id='word_1_55' title='bbox 937 1091 1116 1170; x_wconf 89' lang='lat' dir='ltr'>ponuntur</span> <span class='ocrx_word' id='word_1_56' title='bbox 1144 1089 1183 1144; x_wconf 94' lang='lat' dir='ltr'>ut</span> <span class='ocrx_word' id='word_1_57' title='bbox 1217 1073 1251 1145; x_wconf 85' lang='lat' dir='ltr'>in</span> <span class='ocrx_word' id='word_1_58' title='bbox 1287 1073 1350 1146; x_wconf 81' lang='lat' dir='ltr'>lrac</span> <span class='ocrx_word' id='word_1_59' title='bbox 1387 1071 1641 1170; x_wconf 70' lang='lat' dir='ltr'>propolirione3</span> <span class='ocrx_word' id='word_1_60' title='bbox 1678 1073 1703 1146; x_wconf 90' lang='lat' dir='ltr'>li</span> <span class='ocrx_word' id='word_1_61' title='bbox 1733 1079 1839 1174; x_wconf 82' lang='lat' dir='ltr'>igitur</span> 
     </span>
     <span class='ocr_line' id='line_1_7' title="bbox 543 1182 1839 1284; baseline 0.001 -25"><span class='ocrx_word' id='word_1_62' title='bbox 543 1205 717 1283; x_wconf 91' lang='lat' dir='ltr'>punctum</span> <span class='ocrx_word' id='word_1_63' title='bbox 742 1187 770 1256; x_wconf 94' lang='lat' dir='ltr'><strong>B</strong></span> <span class='ocrx_word' id='word_1_64' title='bbox 790 1207 859 1257; x_wconf 91' lang='lat' dir='ltr'>non</span> <span class='ocrx_word' id='word_1_65' title='bbox 884 1182 924 1256; x_wconf 84' lang='lat' dir='ltr'>fit</span> <span class='ocrx_word' id='word_1_66' title='bbox 940 1185 976 1256; x_wconf 91' lang='lat' dir='ltr'>in</span> <span class='ocrx_word' id='word_1_67' title='bbox 992 1202 1086 1257; x_wconf 85' lang='lat' dir='ltr'>recta</span> <span class='ocrx_word' id='word_1_68' title='bbox 1104 1185 1177 1276; x_wconf 94' lang='grc' dir='ltr'>ΟΡ,</span> <span class='ocrx_word' id='word_1_69' title='bbox 1203 1185 1283 1259; x_wconf 89' lang='lat' dir='ltr'>duci</span> <span class='ocrx_word' id='word_1_70' title='bbox 1311 1186 1421 1282; x_wconf 84' lang='lat' dir='ltr'>potest</span> <span class='ocrx_word' id='word_1_71' title='bbox 1445 1209 1505 1282; x_wconf 84' lang='lat' dir='ltr'>per</span> <span class='ocrx_word' id='word_1_72' title='bbox 1528 1184 1556 1257; x_wconf 88' lang='lat' dir='ltr'>B</span> <span class='ocrx_word' id='word_1_73' title='bbox 1580 1206 1674 1260; x_wconf 75' lang='lat' dir='ltr'>rocta</span> <span class='ocrx_word' id='word_1_74' title='bbox 1693 1188 1752 1284; x_wconf 85' lang='lat' dir='ltr'>ipsr</span> <span class='ocrx_word' id='word_1_75' title='bbox 1770 1187 1839 1264; x_wconf 90' lang='lat' dir='ltr'>CY</span> 
     </span>
     <span class='ocr_line' id='line_1_8' title="bbox 544 1299 1846 1398; baseline 0.002 -26"><span class='ocrx_word' id='word_1_76' title='bbox 544 1301 717 1396; x_wconf 76' lang='lat' dir='ltr'>parallelo,</span> <span class='ocrx_word' id='word_1_77' title='bbox 742 1321 819 1396; x_wconf 82' lang='lat' dir='ltr'>quoe</span> <span class='ocrx_word' id='word_1_78' title='bbox 846 1318 1006 1372; x_wconf 86' lang='lat' dir='ltr'>occurret</span> <span class='ocrx_word' id='word_1_79' title='bbox 1031 1299 1246 1394; x_wconf 80' lang='lat' dir='ltr'>Hyperbolae</span> <span class='ocrx_word' id='word_1_80' title='bbox 1273 1299 1307 1370; x_wconf 91' lang='lat' dir='ltr'>in</span> <span class='ocrx_word' id='word_1_81' title='bbox 1335 1317 1467 1396; x_wconf 89' lang='lat' dir='ltr'>punoto</span> <span class='ocrx_word' id='word_1_82' title='bbox 1495 1299 1540 1370; x_wconf 84' lang='lat' dir='ltr'>ab</span> <span class='ocrx_word' id='word_1_83' title='bbox 1570 1299 1603 1370; x_wconf 93' lang='lat'>0</span> <span class='ocrx_word' id='word_1_84' title='bbox 1629 1299 1776 1390; x_wconf 88' lang='lat' dir='ltr'>diverso,</span> <span class='ocrx_word' id='word_1_85' title='bbox 1801 1301 1846 1398; x_wconf 30' lang='lat'>&amp;¹</span> 
     </span>
     <span class='ocr_line' id='line_1_9' title="bbox 544 1395 1842 1510; baseline -0.004 -21"><span class='ocrx_word' id='word_1_86' title='bbox 544 1417 750 1510; x_wconf 86' lang='lat' dir='ltr'>contingens</span> <span class='ocrx_word' id='word_1_87' title='bbox 764 1435 826 1508; x_wconf 90' lang='lat' dir='ltr'>per</span> <span class='ocrx_word' id='word_1_88' title='bbox 850 1412 939 1486; x_wconf 90' lang='lat' dir='ltr'>istud</span> <span class='ocrx_word' id='word_1_89' title='bbox 954 1432 1126 1510; x_wconf 90' lang='lat' dir='ltr'>punctum</span> <span class='ocrx_word' id='word_1_90' title='bbox 1141 1412 1247 1484; x_wconf 87' lang='lat' dir='ltr'>ducta</span> <span class='ocrx_word' id='word_1_91' title='bbox 1263 1430 1422 1486; x_wconf 87' lang='lat' dir='ltr'>occurret</span> <span class='ocrx_word' id='word_1_92' title='bbox 1437 1395 1498 1507; x_wconf 88' lang='lat' dir='ltr'>ipsi</span> <span class='ocrx_word' id='word_1_93' title='bbox 1515 1409 1624 1486; x_wconf 80' lang='lat' dir='ltr'>NAT</span> <span class='ocrx_word' id='word_1_94' title='bbox 1645 1412 1690 1484; x_wconf 79' lang='lat' dir='ltr'>ud</span> <span class='ocrx_word' id='word_1_95' title='bbox 1704 1412 1842 1509; x_wconf 76' lang='lat' dir='ltr'>olymp-</span> 
     </span>
     <span class='ocr_line' id='line_1_10' title="bbox 545 1520 1841 1622; baseline -0.003 -22"><span class='ocrx_word' id='word_1_96' title='bbox 545 1548 642 1600; x_wconf 91' lang='lat' dir='ltr'>toton</span> <span class='ocrx_word' id='word_1_97' title='bbox 673 1525 752 1616; x_wconf 95' lang='lat' dir='ltr'>CY,</span> <span class='ocrx_word' id='word_1_98' title='bbox 776 1547 838 1621; x_wconf 89' lang='lat' dir='ltr'>per</span> <span class='ocrx_word' id='word_1_99' title='bbox 867 1523 1148 1622; x_wconf 81' lang='lat' dir='ltr'>propositionem,</span> <span class='ocrx_word' id='word_1_100' title='bbox 1178 1547 1262 1620; x_wconf 80' lang='lat' dir='ltr'>ergo</span> <span class='ocrx_word' id='word_1_101' title='bbox 1296 1525 1327 1596; x_wconf 86' lang='lat' dir='ltr'>ei</span> <span class='ocrx_word' id='word_1_102' title='bbox 1358 1543 1516 1596; x_wconf 90' lang='lat' dir='ltr'>occurret</span> <span class='ocrx_word' id='word_1_103' title='bbox 1541 1525 1577 1596; x_wconf 92' lang='lat' dir='ltr'>in</span> <span class='ocrx_word' id='word_1_104' title='bbox 1604 1521 1634 1594; x_wconf 90' lang='lat' dir='ltr'>F</span> <span class='ocrx_word' id='word_1_105' title='bbox 1666 1520 1704 1598; x_wconf 74' lang='lat' dir='ltr'>dr</span> <span class='ocrx_word' id='word_1_106' title='bbox 1735 1525 1841 1621; x_wconf 87' lang='lat' dir='ltr'>igitur</span> 
     </span>
     <span class='ocr_line' id='line_1_11' title="bbox 541 1637 1840 1738; baseline -0.003 -21"><span class='ocrx_word' id='word_1_107' title='bbox 541 1645 620 1717; x_wconf 83' lang='lat' dir='ltr'>duae</span> <span class='ocrx_word' id='word_1_108' title='bbox 642 1644 886 1736; x_wconf 84' lang='lat' dir='ltr'>contingentes</span> <span class='ocrx_word' id='word_1_109' title='bbox 915 1643 960 1713; x_wconf 83' lang='lat' dir='ltr'>od</span> <span class='ocrx_word' id='word_1_110' title='bbox 992 1642 1211 1738; x_wconf 83' lang='lat' dir='ltr'>asymptoton</span> <span class='ocrx_word' id='word_1_111' title='bbox 1240 1659 1435 1728; x_wconf 90' lang='lat' dir='ltr'>occurrent,</span> <span class='ocrx_word' id='word_1_112' title='bbox 1459 1639 1554 1735; x_wconf 91' lang='lat' dir='ltr'>quod</span> <span class='ocrx_word' id='word_1_113' title='bbox 1585 1637 1661 1713; x_wconf 87' lang='lat' dir='ltr'>fieri</span> <span class='ocrx_word' id='word_1_114' title='bbox 1690 1641 1840 1735; x_wconf 84' lang='lat' dir='ltr'>nequit;</span> 
     </span>
     <span class='ocr_line' id='line_1_12' title="bbox 542 1750 1843 1851; baseline -0.002 -23"><span class='ocrx_word' id='word_1_115' title='bbox 542 1751 591 1828; x_wconf 88' lang='lat' dir='ltr'>est</span> <span class='ocrx_word' id='word_1_116' title='bbox 615 1751 765 1851; x_wconf 85' lang='lat' dir='ltr'>igiturB</span> <span class='ocrx_word' id='word_1_117' title='bbox 786 1752 946 1822; x_wconf 86' lang='lat' dir='ltr'>occursus</span> <span class='ocrx_word' id='word_1_118' title='bbox 971 1752 1251 1845; x_wconf 84' lang='lat' dir='ltr'>contingentium</span> <span class='ocrx_word' id='word_1_119' title='bbox 1268 1775 1333 1845; x_wconf 91' lang='lat' dir='ltr'>per</span> <span class='ocrx_word' id='word_1_120' title='bbox 1345 1752 1393 1842; x_wconf 96' lang='lat' dir='ltr'>N,</span> <span class='ocrx_word' id='word_1_121' title='bbox 1408 1750 1447 1825; x_wconf 91' lang='lat' dir='ltr'>T</span> <span class='ocrx_word' id='word_1_122' title='bbox 1471 1753 1671 1845; x_wconf 79' lang='lat' dir='ltr'>ductantm,</span> <span class='ocrx_word' id='word_1_123' title='bbox 1690 1753 1725 1826; x_wconf 94' lang='lat' dir='ltr'>in</span> <span class='ocrx_word' id='word_1_124' title='bbox 1747 1773 1843 1826; x_wconf 82' lang='lat' dir='ltr'>recta</span> 
     </span>
    </p>
   </div>
   <div class='ocr_carea' id='block_1_3' title="bbox 543 1867 737 1940">
    <p class='ocr_par' dir='ltr' id='par_1_3' title="bbox 543 1867 737 1940">
     <span class='ocr_line' id='line_1_13' title="bbox 543 1867 737 1940; baseline 0.01 -2"><span class='ocrx_word' id='word_1_125' title='bbox 543 1867 616 1940; x_wconf 92' lang='grc' dir='ltr'>ΟΡ.</span> <span class='ocrx_word' id='word_1_126' title='bbox 734 1883 737 1894; x_wconf 95' lang='grc'>’</span> 
     </span>
    </p>
   </div>
   <div class='ocr_carea' id='block_1_4' title="bbox 542 1954 1844 2206">
    <p class='ocr_par' dir='ltr' id='par_1_4' title="bbox 542 1954 1844 2206">
     <span class='ocr_line' id='line_1_14' title="bbox 597 1954 1844 2089; baseline -0.002 -21"><span class='ocrx_word' id='word_1_127' title='bbox 597 1991 694 2070; x_wconf 86' lang='lat' dir='ltr'>Con.</span> <span class='ocrx_word' id='word_1_128' title='bbox 723 1993 766 2066; x_wconf 90' lang='lat' dir='ltr'>ll.</span> <span class='ocrx_word' id='word_1_129' title='bbox 797 1989 863 2064; x_wconf 90' lang='lat' dir='ltr'>Vel</span> <span class='ocrx_word' id='word_1_130' title='bbox 887 1954 1093 2088; x_wconf 83' lang='lat' dir='ltr'>lipofitione</span> <span class='ocrx_word' id='word_1_131' title='bbox 1114 1987 1241 2059; x_wconf 85' lang='lat' dir='ltr'>dentur</span> <span class='ocrx_word' id='word_1_132' title='bbox 1255 1983 1461 2081; x_wconf 88' lang='lat' dir='ltr'>Hyperbola</span> <span class='ocrx_word' id='word_1_133' title='bbox 1480 1985 1518 2057; x_wconf 80' lang='grc' dir='ltr'>δι</span> <span class='ocrx_word' id='word_1_134' title='bbox 1540 2009 1634 2062; x_wconf 86' lang='lat' dir='ltr'>recta</span> <span class='ocrx_word' id='word_1_135' title='bbox 1655 1991 1716 2065; x_wconf 87' lang='grc' dir='ltr'>ΟΡ</span> <span class='ocrx_word' id='word_1_136' title='bbox 1736 1993 1844 2089; x_wconf 86' lang='lat' dir='ltr'>iplius</span> 
     </span>
     <span class='ocr_line' id='line_1_15' title="bbox 542 2094 1840 2206; baseline -0.013 -25"><span class='ocrx_word' id='word_1_137' title='bbox 542 2110 738 2206; x_wconf 70' lang='lat' dir='ltr'>esymptoto</span> <span class='ocrx_word' id='word_1_138' title='bbox 759 2101 826 2178; x_wconf 90' lang='lat' dir='ltr'>CY</span> <span class='ocrx_word' id='word_1_139' title='bbox 844 2102 1035 2200; x_wconf 71' lang='lat' dir='ltr'>parallelo,</span> <span class='ocrx_word' id='word_1_140' title='bbox 1068 2099 1092 2174; x_wconf 85' lang='lat' dir='ltr'>fi</span> <span class='ocrx_word' id='word_1_141' title='bbox 1125 2121 1146 2170; x_wconf 84' lang='lat' dir='ltr'>a</span> <span class='ocrx_word' id='word_1_142' title='bbox 1177 2098 1302 2192; x_wconf 82' lang='lat' dir='ltr'>quovis</span> <span class='ocrx_word' id='word_1_143' title='bbox 1326 2115 1456 2190; x_wconf 88' lang='lat' dir='ltr'>puncto</span> <span class='ocrx_word' id='word_1_144' title='bbox 1483 2094 1510 2166; x_wconf 91' lang='lat' dir='ltr'>B</span> <span class='ocrx_word' id='word_1_145' title='bbox 1536 2099 1571 2170; x_wconf 90' lang='lat' dir='ltr'>in</span> <span class='ocrx_word' id='word_1_146' title='bbox 1600 2100 1670 2196; x_wconf 85' lang='lat' dir='ltr'>ipsa</span> <span class='ocrx_word' id='word_1_147' title='bbox 1694 2103 1756 2177; x_wconf 92' lang='grc' dir='ltr'>ΟΡ</span> <span class='ocrx_word' id='word_1_148' title='bbox 1775 2108 1840 2179; x_wconf 89' lang='lat' dir='ltr'>du.</span> 
     </span>
    </p>
   </div>
   <div class='ocr_carea' id='block_1_5' title="bbox 543 2207 1841 2426">
    <p class='ocr_par' dir='ltr' id='par_1_5' title="bbox 543 2207 1841 2426">
     <span class='ocr_line' id='line_1_16' title="bbox 543 2207 1841 2312; baseline -0.013 -21"><span class='ocrx_word' id='word_1_149' title='bbox 543 2240 665 2293; x_wconf 86' lang='lat' dir='ltr'>cantur</span> <span class='ocrx_word' id='word_1_150' title='bbox 691 2221 769 2291; x_wconf 85' lang='lat' dir='ltr'>duae</span> <span class='ocrx_word' id='word_1_151' title='bbox 793 2235 905 2304; x_wconf 79' lang='lat' dir='ltr'>rectae,</span> <span class='ocrx_word' id='word_1_152' title='bbox 938 2213 1194 2312; x_wconf 74' lang='lat' dir='ltr'>Hyperbolum,</span> <span class='ocrx_word' id='word_1_153' title='bbox 1221 2207 1286 2308; x_wconf 92' lang='lat' dir='ltr'>vel</span> <span class='ocrx_word' id='word_1_154' title='bbox 1307 2207 1529 2302; x_wconf 72' lang='lat' dir='ltr'>Hyperbolus</span> <span class='ocrx_word' id='word_1_155' title='bbox 1558 2210 1730 2306; x_wconf 80' lang='lat' dir='ltr'>oppositas</span> <span class='ocrx_word' id='word_1_156' title='bbox 1759 2241 1841 2290; x_wconf 90' lang='lat' dir='ltr'>con.</span> 
     </span>
     <span class='ocr_line' id='line_1_17' title="bbox 543 2317 1840 2426; baseline -0.006 -24"><span class='ocrx_word' id='word_1_157' title='bbox 543 2330 718 2426; x_wconf 86' lang='lat' dir='ltr'>tingentes</span> <span class='ocrx_word' id='word_1_158' title='bbox 749 2329 785 2396; x_wconf 90' lang='lat' dir='ltr'>in</span> <span class='ocrx_word' id='word_1_159' title='bbox 816 2327 956 2395; x_wconf 87' lang='lat' dir='ltr'>duobus</span> <span class='ocrx_word' id='word_1_160' title='bbox 981 2324 1121 2416; x_wconf 87' lang='lat' dir='ltr'>punctis</span> <span class='ocrx_word' id='word_1_161' title='bbox 1152 2320 1201 2406; x_wconf 94' lang='lat' dir='ltr'>N,</span> <span class='ocrx_word' id='word_1_162' title='bbox 1226 2318 1288 2404; x_wconf 71' lang='lat' dir='ltr'>T,</span> <span class='ocrx_word' id='word_1_163' title='bbox 1319 2337 1414 2390; x_wconf 83' lang='lat' dir='ltr'>recta</span> <span class='ocrx_word' id='word_1_164' title='bbox 1432 2317 1589 2416; x_wconf 84' lang='lat' dir='ltr'>jungens</span> <span class='ocrx_word' id='word_1_165' title='bbox 1620 2323 1682 2397; x_wconf 84' lang='lat' dir='ltr'>ista</span> <span class='ocrx_word' id='word_1_166' title='bbox 1707 2349 1840 2422; x_wconf 84' lang='lat' dir='ltr'>puncta</span> 
     </span>
    </p>
   </div>
   <div class='ocr_carea' id='block_1_6' title="bbox 539 2430 1843 3320">
    <p class='ocr_par' dir='ltr' id='par_1_6' title="bbox 539 2430 1843 3320">
     <span class='ocr_line' id='line_1_18' title="bbox 542 2430 1840 2533; baseline -0.001 -18"><span class='ocrx_word' id='word_1_167' title='bbox 542 2437 698 2516; x_wconf 81' lang='lat' dir='ltr'>transibit</span> <span class='ocrx_word' id='word_1_168' title='bbox 725 2459 787 2533; x_wconf 88' lang='lat' dir='ltr'>per</span> <span class='ocrx_word' id='word_1_169' title='bbox 814 2451 987 2530; x_wconf 88' lang='lat' dir='ltr'>punctum</span> <span class='ocrx_word' id='word_1_170' title='bbox 1007 2433 1131 2504; x_wconf 87' lang='lat' dir='ltr'>datum</span> <span class='ocrx_word' id='word_1_171' title='bbox 1157 2434 1192 2506; x_wconf 92' lang='lat' dir='ltr'>in</span> <span class='ocrx_word' id='word_1_172' title='bbox 1219 2430 1414 2526; x_wconf 82' lang='lat' dir='ltr'>asymptoto</span> <span class='ocrx_word' id='word_1_173' title='bbox 1434 2433 1498 2504; x_wconf 90' lang='lat' dir='ltr'>CY</span> <span class='ocrx_word' id='word_1_174' title='bbox 1521 2437 1586 2509; x_wconf 89' lang='lat' dir='ltr'>cui·</span> <span class='ocrx_word' id='word_1_175' title='bbox 1602 2457 1694 2512; x_wconf 83' lang='lat' dir='ltr'>recta</span> <span class='ocrx_word' id='word_1_176' title='bbox 1712 2440 1773 2515; x_wconf 91' lang='grc' dir='ltr'>ΟΡ</span> <span class='ocrx_word' id='word_1_177' title='bbox 1788 2443 1840 2514; x_wconf 86' lang='lat' dir='ltr'>est</span> 
     </span>
     <span class='ocr_line' id='line_1_19' title="bbox 542 2539 1837 2650; baseline -0.001 -24"><span class='ocrx_word' id='word_1_178' title='bbox 542 2553 713 2650; x_wconf 77' lang='lat' dir='ltr'>parallelo.</span> <span class='ocrx_word' id='word_1_179' title='bbox 765 2547 926 2620; x_wconf 87' lang='lat' dir='ltr'>Ducatur</span> <span class='ocrx_word' id='word_1_180' title='bbox 945 2545 1115 2618; x_wconf 83' lang='lat' dir='ltr'>diameter</span> <span class='ocrx_word' id='word_1_181' title='bbox 1139 2542 1209 2616; x_wconf 93' lang='lat' dir='ltr'>CD</span> <span class='ocrx_word' id='word_1_182' title='bbox 1225 2565 1286 2637; x_wconf 91' lang='lat' dir='ltr'>per</span> <span class='ocrx_word' id='word_1_183' title='bbox 1309 2539 1351 2630; x_wconf 91' lang='lat' dir='ltr'>B,</span> <span class='ocrx_word' id='word_1_184' title='bbox 1368 2567 1554 2620; x_wconf 87' lang='lat' dir='ltr'>occurrens</span> <span class='ocrx_word' id='word_1_185' title='bbox 1570 2547 1627 2643; x_wconf 86' lang='lat' dir='ltr'>ipfi</span> <span class='ocrx_word' id='word_1_186' title='bbox 1653 2551 1727 2622; x_wconf 90' lang='lat' dir='ltr'>NT</span> <span class='ocrx_word' id='word_1_187' title='bbox 1740 2553 1777 2624; x_wconf 88' lang='lat' dir='ltr'>in</span> <span class='ocrx_word' id='word_1_188' title='bbox 1790 2555 1837 2642; x_wconf 89' lang='lat' dir='ltr'>A,</span> 
     </span>
     <span class='ocr_line' id='line_1_20' title="bbox 541 2653 1837 2764; baseline -0.001 -26"><span class='ocrx_word' id='word_1_189' title='bbox 541 2675 578 2746; x_wconf 74' lang='lat' dir='ltr'>dt</span> <span class='ocrx_word' id='word_1_190' title='bbox 593 2689 656 2764; x_wconf 88' lang='lat' dir='ltr'>per</span> <span class='ocrx_word' id='word_1_191' title='bbox 670 2681 844 2761; x_wconf 87' lang='lat' dir='ltr'>punctum</span> <span class='ocrx_word' id='word_1_192' title='bbox 856 2659 905 2748; x_wconf 94' lang='lat' dir='ltr'>O,</span> <span class='ocrx_word' id='word_1_193' title='bbox 929 2659 964 2729; x_wconf 93' lang='lat' dir='ltr'>in</span> <span class='ocrx_word' id='word_1_194' title='bbox 987 2683 1061 2750; x_wconf 92' lang='lat' dir='ltr'>quo</span> <span class='ocrx_word' id='word_1_195' title='bbox 1081 2675 1177 2728; x_wconf 85' lang='lat' dir='ltr'>recta</span> <span class='ocrx_word' id='word_1_196' title='bbox 1194 2653 1255 2727; x_wconf 89' lang='grc' dir='ltr'>ΟΡ</span> <span class='ocrx_word' id='word_1_197' title='bbox 1269 2653 1483 2750; x_wconf 83' lang='lat' dir='ltr'>Hyperbolae</span> <span class='ocrx_word' id='word_1_198' title='bbox 1503 2661 1665 2752; x_wconf 88' lang='lat' dir='ltr'>occurrit,</span> <span class='ocrx_word' id='word_1_199' title='bbox 1687 2662 1837 2737; x_wconf 81' lang='lat' dir='ltr'>ducatur</span> 
     </span>
     <span class='ocr_line' id='line_1_21' title="bbox 539 2767 1839 2876; baseline -0.014 -20"><span class='ocrx_word' id='word_1_200' title='bbox 539 2782 746 2873; x_wconf 87' lang='lat' dir='ltr'>contingens</span> <span class='ocrx_word' id='word_1_201' title='bbox 776 2793 961 2859; x_wconf 79' lang='lat' dir='ltr'>occurrens</span> <span class='ocrx_word' id='word_1_202' title='bbox 986 2771 1181 2866; x_wconf 79' lang='lat' dir='ltr'>asymptoto</span> <span class='ocrx_word' id='word_1_203' title='bbox 1209 2767 1274 2840; x_wconf 89' lang='lat' dir='ltr'>CY</span> <span class='ocrx_word' id='word_1_204' title='bbox 1299 2768 1336 2840; x_wconf 91' lang='lat' dir='ltr'>in</span> <span class='ocrx_word' id='word_1_205' title='bbox 1361 2768 1404 2860; x_wconf 88' lang='lat' dir='ltr'>F,</span> <span class='ocrx_word' id='word_1_206' title='bbox 1435 2775 1667 2868; x_wconf 84' lang='lat' dir='ltr'>&amp;quoniam</span> <span class='ocrx_word' id='word_1_207' title='bbox 1696 2801 1839 2876; x_wconf 74' lang='lat' dir='ltr'>propor.</span> 
     </span>
     <span class='ocr_line' id='line_1_22' title="bbox 543 2881 1842 2988; baseline 0.002 -25"><span class='ocrx_word' id='word_1_208' title='bbox 543 2889 689 2964; x_wconf 84' lang='lat' dir='ltr'>tionales</span> <span class='ocrx_word' id='word_1_209' title='bbox 713 2886 793 2957; x_wconf 89' lang='lat' dir='ltr'>sunt</span> <span class='ocrx_word' id='word_1_210' title='bbox 817 2885 887 2978; x_wconf 89' lang='lat' dir='ltr'>CB,</span> <span class='ocrx_word' id='word_1_211' title='bbox 904 2885 983 2974; x_wconf 93' lang='lat' dir='ltr'>CD,</span> <span class='ocrx_word' id='word_1_212' title='bbox 1000 2883 1067 2956; x_wconf 84' lang='lat' dir='ltr'>CA</span> <span class='ocrx_word' id='word_1_213' title='bbox 1085 2889 1123 2958; x_wconf 78' lang='lat' dir='ltr'>dr</span> <span class='ocrx_word' id='word_1_214' title='bbox 1140 2901 1233 2956; x_wconf 88' lang='lat' dir='ltr'>recta</span> <span class='ocrx_word' id='word_1_215' title='bbox 1260 2882 1372 2954; x_wconf 88' lang='lat' dir='ltr'>NAT</span> <span class='ocrx_word' id='word_1_216' title='bbox 1399 2881 1439 2956; x_wconf 81' lang='lat' dir='ltr'>fit</span> <span class='ocrx_word' id='word_1_217' title='bbox 1459 2889 1648 2962; x_wconf 84' lang='lat' dir='ltr'>ordinatim</span> <span class='ocrx_word' id='word_1_218' title='bbox 1666 2893 1842 2988; x_wconf 65' lang='lat' dir='ltr'>applicita</span> 
     </span>
     <span class='ocr_line' id='line_1_23' title="bbox 543 2991 1842 3098; baseline 0.002 -24"><span class='ocrx_word' id='word_1_219' title='bbox 543 3001 715 3076; x_wconf 86' lang='lat' dir='ltr'>diametro</span> <span class='ocrx_word' id='word_1_220' title='bbox 745 2999 824 3088; x_wconf 88' lang='lat' dir='ltr'>CD,</span> <span class='ocrx_word' id='word_1_221' title='bbox 854 2997 1059 3093; x_wconf 87' lang='lat' dir='ltr'>contingens</span> <span class='ocrx_word' id='word_1_222' title='bbox 1084 2994 1151 3069; x_wconf 90' lang='lat' dir='ltr'>OF</span> <span class='ocrx_word' id='word_1_223' title='bbox 1167 2994 1317 3069; x_wconf 91' lang='lat' dir='ltr'>occurrit</span> <span class='ocrx_word' id='word_1_224' title='bbox 1342 2991 1400 3087; x_wconf 89' lang='lat' dir='ltr'>ipsr</span> <span class='ocrx_word' id='word_1_225' title='bbox 1419 2993 1529 3068; x_wconf 88' lang='lat' dir='ltr'>NAT</span> <span class='ocrx_word' id='word_1_226' title='bbox 1550 3001 1593 3070; x_wconf 87' lang='lat' dir='ltr'>ad</span> <span class='ocrx_word' id='word_1_227' title='bbox 1621 3001 1842 3098; x_wconf 83' lang='lat' dir='ltr'>asymptoton</span> 
     </span>
     <span class='ocr_line' id='line_1_24' title="bbox 544 3105 1843 3209; baseline 0.001 -25"><span class='ocrx_word' id='word_1_228' title='bbox 544 3113 621 3199; x_wconf 87' lang='lat' dir='ltr'>CY,</span> <span class='ocrx_word' id='word_1_229' title='bbox 636 3132 699 3204; x_wconf 88' lang='lat' dir='ltr'>per</span> <span class='ocrx_word' id='word_1_230' title='bbox 714 3107 805 3180; x_wconf 89' lang='lat' dir='ltr'>hanc</span> <span class='ocrx_word' id='word_1_231' title='bbox 821 3111 922 3203; x_wconf 90' lang='lat' dir='ltr'>Prop.</span> <span class='ocrx_word' id='word_1_232' title='bbox 938 3131 1022 3203; x_wconf 87' lang='lat' dir='ltr'>ergo</span> <span class='ocrx_word' id='word_1_233' title='bbox 1036 3105 1290 3204; x_wconf 83' lang='lat' dir='ltr'>rectajungens</span> <span class='ocrx_word' id='word_1_234' title='bbox 1300 3121 1480 3176; x_wconf 87' lang='lat' dir='ltr'>contactus</span> <span class='ocrx_word' id='word_1_235' title='bbox 1498 3105 1546 3194; x_wconf 93' lang='lat' dir='ltr'>N,</span> <span class='ocrx_word' id='word_1_236' title='bbox 1559 3107 1763 3184; x_wconf 83' lang='lat' dir='ltr'>Ttranlibit</span> <span class='ocrx_word' id='word_1_237' title='bbox 1776 3137 1843 3209; x_wconf 88' lang='lat' dir='ltr'>per</span> 
     </span>
     <span class='ocr_line' id='line_1_25' title="bbox 547 3214 1842 3320; baseline 0.001 -25"><span class='ocrx_word' id='word_1_238' title='bbox 547 3242 720 3320; x_wconf 90' lang='lat' dir='ltr'>punctum</span> <span class='ocrx_word' id='word_1_239' title='bbox 735 3215 786 3294; x_wconf 91' lang='lat' dir='ltr'>F:</span> <span class='ocrx_word' id='word_1_240' title='bbox 812 3218 869 3292; x_wconf 88' lang='lat' dir='ltr'>sed</span> <span class='ocrx_word' id='word_1_241' title='bbox 885 3238 1024 3313; x_wconf 88' lang='lat' dir='ltr'>propter</span> <span class='ocrx_word' id='word_1_242' title='bbox 1047 3217 1108 3292; x_wconf 91' lang='grc' dir='ltr'>ΟΡ</span> <span class='ocrx_word' id='word_1_243' title='bbox 1122 3216 1289 3315; x_wconf 88' lang='lat' dir='ltr'>posrtione</span> <span class='ocrx_word' id='word_1_244' title='bbox 1303 3214 1436 3303; x_wconf 85' lang='lat' dir='ltr'>datam,</span> <span class='ocrx_word' id='word_1_245' title='bbox 1457 3214 1597 3292; x_wconf 89' lang='lat' dir='ltr'>dabitur</span> <span class='ocrx_word' id='word_1_246' title='bbox 1612 3241 1786 3314; x_wconf 90' lang='lat' dir='ltr'>punctum</span> <span class='ocrx_word' id='word_1_247' title='bbox 1802 3222 1842 3296; x_wconf 94' lang='lat' dir='ltr'>O</span> 
     </span>
    </p>
   </div>
   <div class='ocr_carea' id='block_1_7' title="bbox 546 3331 1969 3434">
    <p class='ocr_par' dir='ltr' id='par_1_7' title="bbox 546 3331 1969 3434">
     <span class='ocr_line' id='line_1_26' title="bbox 546 3331 1969 3434; baseline -0.001 -22"><span class='ocrx_word' id='word_1_248' title='bbox 546 3337 745 3434; x_wconf 87' lang='lat' dir='ltr'>&amp;proinde</span> <span class='ocrx_word' id='word_1_249' title='bbox 768 3333 973 3430; x_wconf 87' lang='lat' dir='ltr'>contingens</span> <span class='ocrx_word' id='word_1_250' title='bbox 988 3333 1051 3404; x_wconf 90' lang='lat' dir='ltr'>OF</span> <span class='ocrx_word' id='word_1_251' title='bbox 1071 3331 1237 3432; x_wconf 81' lang='lat' dir='ltr'>positione</span> <span class='ocrx_word' id='word_1_252' title='bbox 1257 3333 1372 3423; x_wconf 82' lang='lat' dir='ltr'>datur,</span> <span class='ocrx_word' id='word_1_253' title='bbox 1392 3336 1543 3408; x_wconf 88' lang='lat' dir='ltr'>occurrit</span> <span class='ocrx_word' id='word_1_254' title='bbox 1556 3353 1676 3410; x_wconf 88' lang='lat' dir='ltr'>autem</span> <span class='ocrx_word' id='word_1_255' title='bbox 1692 3337 1753 3434; x_wconf 84' lang='lat' dir='ltr'>ipli</span> <span class='ocrx_word' id='word_1_256' title='bbox 1776 3339 1842 3416; x_wconf 92' lang='lat' dir='ltr'>CY</span> <span class='ocrx_word' id='word_1_257' title='bbox 1962 3383 1969 3396; x_wconf 89' lang='lat'><strong>·</strong></span> 
     </span>
    </p>
   </div>
   <div class='ocr_carea' id='block_1_8' title="bbox 545 3445 1841 4131">
    <p class='ocr_par' dir='ltr' id='par_1_8' title="bbox 546 3445 1506 3550">
     <span class='ocr_line' id='line_1_27' title="bbox 546 3445 1506 3550; baseline -0.001 -28"><span class='ocrx_word' id='word_1_258' title='bbox 546 3451 713 3550; x_wconf 79' lang='lat' dir='ltr'>positione</span> <span class='ocrx_word' id='word_1_259' title='bbox 730 3449 820 3522; x_wconf 85' lang='lat' dir='ltr'>datae</span> <span class='ocrx_word' id='word_1_260' title='bbox 838 3453 872 3521; x_wconf 93' lang='lat' dir='ltr'>in</span> <span class='ocrx_word' id='word_1_261' title='bbox 892 3447 933 3539; x_wconf 85' lang='lat' dir='ltr'>F,</span> <span class='ocrx_word' id='word_1_262' title='bbox 954 3449 1003 3522; x_wconf 89' lang='lat' dir='ltr'>est</span> <span class='ocrx_word' id='word_1_263' title='bbox 1019 3449 1124 3544; x_wconf 85' lang='lat' dir='ltr'>igitur</span> <span class='ocrx_word' id='word_1_264' title='bbox 1140 3467 1311 3544; x_wconf 89' lang='lat' dir='ltr'>punctum</span> <span class='ocrx_word' id='word_1_265' title='bbox 1328 3445 1358 3518; x_wconf 89' lang='lat' dir='ltr'>F</span> <span class='ocrx_word' id='word_1_266' title='bbox 1369 3449 1506 3524; x_wconf 83' lang='lat' dir='ltr'>darum.</span> 
     </span>
    </p>

    <p class='ocr_par' dir='ltr' id='par_1_9' title="bbox 545 3571 1841 4131">
     <span class='ocr_line' id='line_1_28' title="bbox 604 3571 1839 3678; baseline 0.013 -30"><span class='ocrx_word' id='word_1_267' title='bbox 604 3581 699 3649; x_wconf 84' lang='lat' dir='ltr'>Con.</span> <span class='ocrx_word' id='word_1_268' title='bbox 728 3573 788 3641; x_wconf 88' lang='lat' dir='ltr'>lll.</span> <span class='ocrx_word' id='word_1_269' title='bbox 818 3577 852 3644; x_wconf 83' lang='lat' dir='ltr'>A</span> <span class='ocrx_word' id='word_1_270' title='bbox 875 3595 1007 3670; x_wconf 89' lang='lat' dir='ltr'>puncto</span> <span class='ocrx_word' id='word_1_271' title='bbox 1030 3575 1156 3666; x_wconf 88' lang='lat' dir='ltr'>quovis</span> <span class='ocrx_word' id='word_1_272' title='bbox 1181 3573 1211 3642; x_wconf 93' lang='lat' dir='ltr'>F</span> <span class='ocrx_word' id='word_1_273' title='bbox 1235 3571 1270 3640; x_wconf 93' lang='lat' dir='ltr'>in</span> <span class='ocrx_word' id='word_1_274' title='bbox 1294 3571 1507 3666; x_wconf 81' lang='lat' dir='ltr'>Hyperbolae</span> <span class='ocrx_word' id='word_1_275' title='bbox 1536 3577 1733 3676; x_wconf 85' lang='lat' dir='ltr'>asymptoto</span> <span class='ocrx_word' id='word_1_276' title='bbox 1763 3587 1839 3678; x_wconf 88' lang='lat' dir='ltr'>CY,</span> 
     </span>
     <span class='ocr_line' id='line_1_29' title="bbox 545 3681 1841 3786; baseline -0.002 -16"><span class='ocrx_word' id='word_1_277' title='bbox 545 3698 692 3770; x_wconf 85' lang='lat' dir='ltr'>ducatur</span> <span class='ocrx_word' id='word_1_278' title='bbox 724 3699 818 3754; x_wconf 88' lang='lat' dir='ltr'>recta</span> <span class='ocrx_word' id='word_1_279' title='bbox 847 3686 1052 3780; x_wconf 84' lang='lat' dir='ltr'>contingens</span> <span class='ocrx_word' id='word_1_280' title='bbox 1083 3681 1331 3778; x_wconf 77' lang='lat' dir='ltr'>Hyperbolum</span> <span class='ocrx_word' id='word_1_281' title='bbox 1359 3684 1395 3755; x_wconf 93' lang='lat' dir='ltr'>in</span> <span class='ocrx_word' id='word_1_282' title='bbox 1423 3686 1457 3756; x_wconf 91' lang='grc' dir='ltr'>Ο</span> <span class='ocrx_word' id='word_1_283' title='bbox 1480 3692 1517 3762; x_wconf 76' lang='lat' dir='ltr'>dr</span> <span class='ocrx_word' id='word_1_284' title='bbox 1543 3711 1607 3786; x_wconf 87' lang='lat' dir='ltr'>per</span> <span class='ocrx_word' id='word_1_285' title='bbox 1635 3695 1670 3766; x_wconf 92' lang='grc' dir='ltr'>Ο</span> <span class='ocrx_word' id='word_1_286' title='bbox 1694 3701 1841 3775; x_wconf 76' lang='lat' dir='ltr'>ducatur</span> 
     </span>
     <span class='ocr_line' id='line_1_30' title="bbox 549 3793 1841 3897; baseline 0.004 -15"><span class='ocrx_word' id='word_1_287' title='bbox 549 3827 642 3884; x_wconf 86' lang='lat' dir='ltr'>recta</span> <span class='ocrx_word' id='word_1_288' title='bbox 669 3798 730 3871; x_wconf 91' lang='grc' dir='ltr'>ΟΡ</span> <span class='ocrx_word' id='word_1_289' title='bbox 763 3793 823 3892; x_wconf 77' lang='lat' dir='ltr'>ipsi</span> <span class='ocrx_word' id='word_1_290' title='bbox 860 3798 924 3870; x_wconf 90' lang='lat' dir='ltr'>CY</span> <span class='ocrx_word' id='word_1_291' title='bbox 953 3797 1146 3897; x_wconf 75' lang='lat' dir='ltr'>parallelo:</span> <span class='ocrx_word' id='word_1_292' title='bbox 1170 3793 1195 3868; x_wconf 86' lang='grc' dir='ltr'>[ι</span> <span class='ocrx_word' id='word_1_293' title='bbox 1225 3817 1287 3890; x_wconf 84' lang='lat' dir='ltr'>per</span> <span class='ocrx_word' id='word_1_294' title='bbox 1316 3816 1489 3891; x_wconf 91' lang='lat' dir='ltr'>punctum</span> <span class='ocrx_word' id='word_1_295' title='bbox 1514 3798 1544 3872; x_wconf 88' lang='lat' dir='ltr'>F</span> <span class='ocrx_word' id='word_1_296' title='bbox 1572 3807 1719 3882; x_wconf 80' lang='lat' dir='ltr'>ducatur</span> <span class='ocrx_word' id='word_1_297' title='bbox 1744 3834 1841 3888; x_wconf 85' lang='lat' dir='ltr'>recta</span> 
     </span>
     <span class='ocr_line' id='line_1_31' title="bbox 550 3905 1841 4008; baseline -0.008 -14"><span class='ocrx_word' id='word_1_298' title='bbox 550 3923 666 3996; x_wconf 85' lang='lat' dir='ltr'>secans</span> <span class='ocrx_word' id='word_1_299' title='bbox 698 3909 941 4006; x_wconf 72' lang='lat' dir='ltr'>Hyperbolum</span> <span class='ocrx_word' id='word_1_300' title='bbox 969 3907 1026 3980; x_wconf 92' lang='lat' dir='ltr'>vel</span> <span class='ocrx_word' id='word_1_301' title='bbox 1058 3905 1281 4003; x_wconf 86' lang='lat' dir='ltr'>Hyperbolas</span> <span class='ocrx_word' id='word_1_302' title='bbox 1313 3906 1348 3978; x_wconf 91' lang='lat' dir='ltr'>in</span> <span class='ocrx_word' id='word_1_303' title='bbox 1384 3913 1522 4006; x_wconf 83' lang='lat' dir='ltr'>punctis</span> <span class='ocrx_word' id='word_1_304' title='bbox 1553 3913 1601 4006; x_wconf 92' lang='lat' dir='ltr'>N,</span> <span class='ocrx_word' id='word_1_305' title='bbox 1632 3916 1679 4008; x_wconf 90' lang='lat' dir='ltr'>T,</span> <span class='ocrx_word' id='word_1_306' title='bbox 1708 3925 1745 3996; x_wconf 77' lang='grc' dir='ltr'>δι</span> <span class='ocrx_word' id='word_1_307' title='bbox 1779 3949 1841 3998; x_wconf 75' lang='grc' dir='ltr'>ος.</span> 
     </span>
     <span class='ocr_line' id='line_1_32' title="bbox 549 4020 1840 4131; baseline -0.001 -20"><span class='ocrx_word' id='word_1_308' title='bbox 549 4054 691 4111; x_wconf 83' lang='lat' dir='ltr'>currens</span> <span class='ocrx_word' id='word_1_309' title='bbox 715 4025 774 4122; x_wconf 81' lang='lat' dir='ltr'>ipsi</span> <span class='ocrx_word' id='word_1_310' title='bbox 805 4025 866 4098; x_wconf 89' lang='grc' dir='ltr'>ΟΡ</span> <span class='ocrx_word' id='word_1_311' title='bbox 898 4023 935 4097; x_wconf 92' lang='lat' dir='ltr'>in</span> <span class='ocrx_word' id='word_1_312' title='bbox 965 4023 1022 4116; x_wconf 88' lang='lat' dir='ltr'>M,</span> <span class='ocrx_word' id='word_1_313' title='bbox 1052 4022 1220 4124; x_wconf 66' lang='lat' dir='ltr'>secabitur</span> <span class='ocrx_word' id='word_1_314' title='bbox 1246 4020 1448 4120; x_wconf 80' lang='lat' dir='ltr'>harmonice</span> <span class='ocrx_word' id='word_1_315' title='bbox 1474 4027 1509 4100; x_wconf 92' lang='lat' dir='ltr'>in</span> <span class='ocrx_word' id='word_1_316' title='bbox 1534 4033 1674 4127; x_wconf 82' lang='lat' dir='ltr'>punctis</span> <span class='ocrx_word' id='word_1_317' title='bbox 1698 4031 1750 4130; x_wconf 90' lang='lat' dir='ltr'>N,</span> <span class='ocrx_word' id='word_1_318' title='bbox 1781 4037 1840 4131; x_wconf 85' lang='lat' dir='ltr'>M,</span> 
     </span>
    </p>
   </div>
   <div class='ocr_carea' id='block_1_9' title="bbox 548 4145 1841 4352">
    <p class='ocr_par' dir='ltr' id='par_1_10' title="bbox 548 4145 1841 4352">
     <span class='ocr_line' id='line_1_33' title="bbox 548 4145 657 4240; baseline -0.092 -12"><span class='ocrx_word' id='word_1_319' title='bbox 548 4147 601 4240; x_wconf 89' lang='lat' dir='ltr'>T,</span> <span class='ocrx_word' id='word_1_320' title='bbox 618 4145 657 4220; x_wconf 87' lang='lat' dir='ltr'>F.</span> 
     </span>
     <span class='ocr_line' id='line_1_34' title="bbox 1741 4273 1841 4352; baseline -0.02 -2"><span class='ocrx_word' id='word_1_321' title='bbox 1741 4273 1841 4352; x_wconf 86' lang='lat' dir='ltr'>Nam</span> 
     </span>
    </p>
   </div>
   <div class='ocr_carea' id='block_1_10' title="bbox 0 0 2087 5474">
    <p class='ocr_par' dir='ltr' id='par_1_11' title="bbox 0 0 2087 5474">
     <span class='ocr_line' id='line_1_35' title="bbox 0 0 2087 5474; baseline 0 0"><span class='ocrx_word' id='word_1_322' title='bbox 0 0 2087 5474; x_wconf 95' lang='lat' dir='ltr'> </span> 
     </span>
    </p>
   </div>
  </div>
 </body>
</html>
