4134 5460
439 367 741 498 Senianum
755 369 1076 496 Cannarum
1105 374 1234 498 Lib.
1256 379 1301 498 1.
1438 421 1516 540 27

213 574 431 681 Hyperboiis
455 575 492 654 iu
518 577 661 658 duobus
686 576 837 676 mancus,
867 597 1019 674 perqua
1034 573 1061 654 fi
1075 578 1318 680 contingenter
1332 579 1521 678 ducantur,

213 711 318 770 erunt
332 690 504 790 parallelae
520 693 623 771 rectis
647 691 811 768 bifariam
824 689 933 768 fectis.
1070 747 1072 752 ,

270 807 518 914 Intelligantur
539 807 729 889 enim'duaa
743 825 845 882 rectae
870 803 955 898 VX,
967 805 1036 894 LT
1050 807 1222 904 parallelae
1236 810 1340 886 rectis
1354 811 1432 904 AB,
1446 812 1521 898 GH

210 923 419 1020 contingere
443 919 599 1020 Ellipfnn
625 938 687 998 aut
709 919 885 1020 uppofitaa
911 922 1136 1017 Hyperbolus
1162 931 1239 1020 (per
1261 929 1363 1024 Prop.
1384 931 1460 1022 17.)
1487 929 1524 1002 in

210 1037 352 1132 punctis
375 1037 420 1128 V,
435 1035 487 1123 [η
513 1051 593 1110 tum
617 1051 713 1111 rectu
735 1033 801 1108 LV
821 1030 979 1130 jungens
1000 1055 1124 1108 earuun
1152 1054 1333 1112 contactus
1357 1035 1520 1117 bifariam

207 1151 337 1228 secabit
348 1165 461 1226 rectas
473 1149 550 1241 AB,
565 1145 696 1226 GH&
712 1146 860 1244 proinde
871 1145 1045 1234 coincidet
1058 1171 1142 1224 curn
1154 1147 1225 1246 ipsa
1238 1150 1315 1226 OS:
1343 1173 1426 1247 ergo
1438 1177 1521 1228 con·

207 1263 532 1364 stathtollariun'a
712 1317 717 1324 -
859 1291 864 1307 ¹
902 1291 905 1298 ’
989 1291 995 1334 ·,

258 1379 362 1454 Con..
379 1379 427 1452 11.
451 1376 550 1454 Hinc
567 1374 592 1452 fr
608 1390 711 1454 recta
725 1374 800 1466 AB,
818 1377 892 1453 GH
905 1375 1042 1458 iuterfe
1059 1375 1245 1472 parallelae,
1271 1396 1306 1452 et
1322 1381 1521 1462 terminata

205 1491 325 1590 Ellipfi
349 1492 559 1590 Hyperbota
584 1511 647 1568 aut
675 1489 816 1570 diversis
847 1497 885 1568 bc
913 1492 1078 1590 oppositis
1095 1494 1322 1590 Hyperbolia,
1359 1496 1521 1572 bifariam

205 1609 364 1685 secentur
386 1610 484 1684 recti
505 1607 585 1694 053
618 1604 658 1680 δι
674 1629 736 1703 per
752 1627 884 1703 puncta
907 1610 939 1682 V
958 1614 995 1686 δι
1010 1609 1042 1682 L
1057 1610 1092 1684 in
1110 1611 1241 1704 quibua
1256 1629 1349 1686 recta
1366 1612 1519 1690 bisecana

204 1725 356 1798 occurrit
369 1723 490 1822 Ettupfi
502 1741 565 1797 aut
576 1723 803 1822 Hyperbolis‚
832 1723 1006 1800 ducantur
1028 1741 1131 1800 rcctae
1157 1725 1239 1815 VX,
1256 1725 1327 1804 LT
1347 1727 1520 1829 parallelas

202 1836 307 1910 rectia
326 1837 474 1929 bifcctis,
501 1853 605 1910 ecum
618 1837 884 1933 contingentem
915 1861 1001 1910 nam
1014 1833 1041 1912 su
1055 1859 1128 1910 uon
1145 1845 1223 1932 (per
1244 1838 1324 1914 Cor.
1350 1841 1517 1934 praeced.)

200 1949 533 2046 contingentea'pcr
556 1948 634 2024 hacc
646 1961 778 2044 puncta
801 1949 917 2024 ducta
940 1965 1202 2042 eruntquoque
1226 1947 1396 2042 parallelae
1413 1948 1516 2022 rectia

201 2065 278 2156 AB,
294 2063 384 2156 GH,
401 2065 501 2158 quod
513 2063 564 2137 est
577 2063 778 2134 abfardum.

251 2180 350 2250 Cou.
369 2175 433 2248 111.
463 2173 561 2246 Hinc
583 2187 682 2268 patet
707 2170 898 2246 methodus
913 2171 1065 2250 ducendi
1081 2173 1169 2247 duaa
1183 2189 1295 2247 tectas
1309 2172 1515 2270 contingen-

203 2308 259 2366 tes
270 2285 429 2384 Euipsrm
443 2304 504 2369 aut
517 2283 692 2382 oppositas
707 2281 1032 2379 Hyperbolas,quae
1046 2282 1217 2380 parallelae
1232 2281 1298 2358 fint
1312 2303 1413 2358 recta
1422 2284 1510 2382 post-

200 2399 420 2494 nonedam,
447 2401 485 2476 bt
512 2397 639 2476 secanti
654 2393 811 2491 Ellipfim
832 2410 895 2488 aur
912 2393 1179 2488 Hyperbolum
1208 2417 1337 2494 nempe
1362 2397 1510 2470 ducatur

199 2511 461 2600 alteraseuans·
477 2511 562 2586 huic
588 2511 679 2584 dutoe
709 2507 835 2590 secanti
864 2505 1040 2604 parallela,
1081 2503 1245 2608 bifariam
1276 2506 1431 2582 secentur
1457 2507 1510 2585 hae

197 2626 394 2728 parallelae,-
410 2613 454 2702 δι’
475 2647 538 2722 per
558 2641 690 2720 puncta
705 2623 895 2716 inquibus
921 2637 1015 2692 recta
1042 2619 1196 2694 bifecans
1219 2619 1369 2709 occurrit
1392 2617 1509 2716 Ellipfr

197 2761 260 2820 aut
273 2743 502 2844 Hyperbolis,
527 2745 701 2816 ducantur
714 2742 793 2814 duac
806 2756 907 2812 recta
919 2732 1088 2832 parallelae
1103 2751 1203 2810 recta
1220 2732 1387 2832 positione
1398 2735 1509 2820 darana

198 2859 255 2934 hae
270 2877 376 2932 erunt
390 2857 647 2950 contingentes,
672 2873 735 2948 per
753 2855 832 2924 Cor.
849 2870 948 2944 praec.

435 3051 644 3148 uuou.
692 3012 823 3147 xiuu
908 3052 1174 3138 anona.
1229 3051 1281 3134 11.
1366 3034 1368 3043 ·

199 3231 334 3344 Ellipfi
361 3231 430 3306 aut
458 3209 691 3334 Hyperbbbs
725 3221 917 3328 oppofltis,
965 3189 1146 3324 putitione
1176 3213 1282 3308 datis,
1330 3168 1503 3293 iuvenire¹

257 3374 432 3439 centrum
447 3391 460 3450 3
489 3355 529 3432 nc
547 3347 707 3430 unicum
738 3345 810 3426 effe
839 3363 1015 3427 centrum
1043 3337 1203 3449 cujusvis
1222 3337 1405 3448 Ellipscos
1436 3357 1502 3422 aut

204 3593 208 3598 ¹
256 3471 491 3601 Hyperbotae
508 3475 779 3562 demonstrare.

261 3707 325 3784 tu
351 3683 444 3780 unca
467 3697 651 3794 uacua,
675 3692 1108 3793 uirtpnsautnyperaou
1129 3695 1166 3766 n
1183 3687 1223 3762 fit
1239 3675 1344 3762 mun
1358 3689 1499 3786 Hyper-
1531 3709 1605 3772 ΡΜ,
1619 3731 1669 3786 22,

286 3819 368 3896 bola
379 3813 652 3914 huic'oppofrta:
677 3811 850 3884 ducantur
867 3809 948 3881 duae
963 3825 1065 3878 rectae
1077 3802 1139 3876 fibi
1155 3804 1310 3874 invicem
1325 3799 1497 3896 parallelae
1618 3815 1666 3873 23·

195 3940 348 4013 secantes
357 3929 516 4030 Ellipsrm
531 3947 590 4002 aut
604 3924 848 4024 Hyperbolum
864 3923 899 3995 in
913 3921 1053 4015 punctis
1068 3917 1153 4008 A‚B
1167 3921 1204 3988 δι
1216 3913 1262 4002 G,
1278 3913 1330 4002 H,
1346 3913 1497 3989 ducatur

195 4073 290 4130 recta
298 4053 356 4130 OS
372 4047 534 4125 bifariam
547 4044 663 4120 secans
680 4035 858 4222 parallegs
872 4033 948 4126 AB,
965 4031 1050 4126 GH,
1068 4036 1105 4108 ὃτ
1121 4049 1306 4105 occurrens
1324 4033 1401 4122 (per
1418 4027 1497 4230 Cgr).

871 4169 892 4222 a
1041 4183 1044 4190 ·
1287 4167 1317 4218 1.
1334 4161 1445 4240 praee
1473 4201 1480 4217 .
