4156 5474
618 502 738 638 1‘522
824 467 1121 594 Sfflionum
1147 455 1464 604 Conicarttm
1491 472 1617 593 Lib.
1635 472 1759 594 lV.

604 673 646 748 lit
661 673 808 772 Ellipsrs,
833 677 890 750 vel
906 701 988 749 cum
1003 673 1045 746 srt
1068 669 1277 770 Hyperbola
1300 672 1324 745 fi
1340 691 1502 748 occurrat
1520 677 1696 780 diametro
1708 672 1783 770 ejus
1804 669 1909 746 trans·

603 787 709 861 versae
745 790 947 885 producta,
980 786 1150 884 quoniam
1178 786 1245 858 erit
1281 797 1375 858 recta
1400 789 1593 863 ordinatim
1625 787 1797 885 applicata
1827 783 1911 856 huic

602 899 788 992 diametro,
813 917 944 998 puncta
963 899 1000 974 in
1025 899 1156 994 quibus
1178 900 1319 973 sectioni
1334 919 1493 974 occurret
1522 901 1674 976 inveniri
1691 897 1827 999 possunt
1851 919 1912 996 per

604 1012 688 1083 Cor.
714 1009 814 1107 Prop.
845 1035 902 1107 34.
927 1016 965 1088 ὅτ
993 1033 1052 1108 35.
1079 1011 1140 1085 lib.
1173 1031 1203 1088 1.
1236 1016 1274 1087 dc
1306 1008 1331 1084 fi
1357 1029 1515 1086 occurrat
1548 1013 1725 1086 diametro
1752 1011 1914 1087 secundae

601 1121 828 1216 Hyperbolae,
854 1142 984 1221 puncto
1008 1124 1045 1196 in
1070 1123 1203 1218 quibus
1231 1143 1389 1200 occurret
1416 1123 1630 1220 Hyperbolis
1655 1124 1828 1222 oppositis
1862 1122 1915 1197 in-

601 1233 713 1304 veniri
729 1232 937 1330 polluntper
951 1231 1054 1333 Prop.
1074 1257 1131 1331 32.
1149 1235 1208 1309 lib.
1229 1261 1258 1310 1.
1596 1223 1599 1230 ⁴

642 1358 728 1454 'Cas
757 1385 789 1440 2.
819 1361 854 1436 Si
875 1387 960 1438 vero
980 1359 1149 1462 politione
1166 1363 1270 1436 detur
1286 1379 1381 1438 recta
1394 1359 1562 1456 PQnon
1578 1361 1740 1460 parallela
1753 1357 1921 1434 alterutri

602 1475 856 1552 diametrorum
881 1479 945 1550 AB
970 1478 1028 1552 vel
1049 1467 1138 1551 Mm.
1192 1475 1355 1551 Ducatur
1378 1499 1441 1574 per
1465 1476 1638 1549 verticem
1664 1475 1829 1548 diametri
1855 1467 1918 1546 AB
2031 1523 2032 1528 ,

603 1609 697 1661 recta
721 1590 795 1664 AT
818 1593 917 1666 alteri
942 1593 1117 1668 diametro
1141 1591 1218 1666 Mm
1237 1593 1413 1690 parallelo,
1439 1592 1519 1666 htec
1533 1593 1722 1690 sectionem
1737 1589 1921 1685 continget

604 1705 700 1794 (Cor.
718 1725 776 1798 27.
796 1708 854 1778 lib.
875 1711 923 1790 1.)
950 1725 1109 1778 acentro
1135 1708 1286 1804 ducatur
1311 1711 1485 1782 diameter
1510 1707 1571 1804 ipsi
1596 1709 1688 1802 PQ
1700 1707 1921 1806 parallelae&

601 1839 786 1889 occurrens
810 1813 883 1889 AT
907 1817 944 1887 in
967 1817 1024 1908 H,
1046 1821 1085 1890 ὅτ
1108 1820 1145 1888 in
1167 1819 1293 1888 eadem
1319 1821 1395 1892 AT
1418 1823 1577 1894 sumatur
1598 1823 1830 1917 segmentum
1858 1819 1922 1897 ΑΚ
2033 1901 2034 1904 ,

603 1929 738 2022 (versus
752 1947 926 2028 punctum
944 1929 992 2002 H.
1009 1929 1046 2002 in
1065 1927 1287 2025 Hyperbola,
1311 1931 1357 2004 ad
1374 1951 1490 2028 partes
1516 1951 1637 2007 autem
1648 1962 1650 1970 ’
1662 1927 1864 2010 contrarias
1891 1937 1921 2010 in

601 2043 736 2144 Ellipsi)
764 2049 813 2120 ita
827 2064 867 2119 ut
881 2045 1129 2143 rectangulum
1149 2041 1262 2117 KAH
1289 2039 1331 2116 stt
1354 2047 1488 2138 aequale
1511 2049 1683 2148 quadrato
1702 2074 1749 2123 ex
1763 2041 1862 2146 CM,
1886 2058 1919 2128 dt

595 2156 770 2258 jungatur
794 2159 876 2250 CK,
901 2157 1108 2253 eruntCH,
1134 2157 1204 2235 CK
1218 2159 1384 2232 diametri
1398 2155 1593 2256 conjugarae
1615 2160 1717 2256 (Cor.
1737 2163 1843 2264 Prop.
1862 2189 1918 2266 5¹·

604 2274 668 2344 lib.
688 2278 735 2366 1.)
758 2275 1007 2368 ducaturergo
1024 2275 1091 2344 AB
1115 2273 1161 2343 ad
1184 2274 1398 2347 diametrum
1415 2273 1497 2366 CK,
1516 2275 1634 2373 &ipsi
1652 2275 1918 2379 CHparallela,
1986 2321 1990 2334 ·
2036 2324 2037 2400 m

603 2384 669 2456 erit
692 2381 752 2478 ipsi
782 2383 847 2454 CK
872 2383 1063 2456 ordinatim
1076 2383 1262 2482 applicata.
1283 2423 1286 2430 ·
1313 2387 1393 2461 Sint
1418 2387 1527 2484 igitur
1557 2391 1632 2488 ΟΕ,
1652 2395 1726 2494 CF,
1747 2399 1814 2474 CK
1840 2427 1918 2504 pro·
2036 2407 2037 2440 ³

604 2495 815 2594 portionales
844 2497 881 2570 ὅτ
912 2493 978 2566 erit
1003 2493 1033 2564 F
1057 2509 1183 2598 uertex
1213 2496 1388 2593 diametri,
1423 2523 1506 2598 quae
1531 2505 1569 2580 in
1598 2529 1694 2586 recta
1722 2511 1786 2586 CK
1810 2511 1917 2607 jacet.
2037 2521 2038 2592 l

604 2609 742 2682 Eodem
766 2605 874 2681 modo
902 2603 1131 2679 inveniuntur
1155 2605 1305 2682 vertices
1328 2607 1505 2698 diametri,
1537 2631 1617 2706 quae
1636 2615 1734 2714 jacet
1761 2623 1797 2696 in
1827 2642 1917 2698 recta

602 2720 698 2796 CH:
727 2743 811 2815 ergo
837 2717 895 2788 hic
925 2713 1021 2789 casus
1050 2715 1229 2789 reducitur
1257 2716 1303 2790 ad
1333 2716 1451 2792 casum
1483 2719 1652 2818 prinum.
1708 2731 1855 2814 Sivero
1880 2737 1916 2812 in
2038 2725 2039 2730 ¹

605 2834 740 2908 utrovis
779 2831 858 2904 casu
898 2847 994 2905 tecta
1022 2831 1116 2928 Po„
1130 2831 1280 2907 transeat
1317 2853 1381 2930 per
1415 2837 1585 2919 verticem
1611 2847 1723 2924 unius
1755 2853 1918 2930 diametri

608 2947 813 3046 conjugata,
841 2951 878 3022 ὅτ
904 2942 946 3020 stt
975 2945 1138 3046 parallelo
1166 2945 1279 3044 alteri,
1309 2947 1497 3025 sectionem
1520 2958 1728 3055 continget,
1744 2985 1786 3040 ut
1808 2952 1918 3067 pater„

661 3123 744 3198 Cor.
768 3124 877 3211 Hinc,
901 3145 947 3198 ex
959 3123 1058 3197 datia.
1073 3121 1241 3228 positione
1252 3125 1556 3236 &magnitudine
1577 3129 1715 3210 duabus
1732 3138 1920 3220 diametris

597 3237 816 3334 conjugatis,
842 3251 939 3332 patet
962 3236 1151 3312 methodus
1164 3237 1317 3313 ducendi
1330 3255 1465 3316 rectam
1478 3264 1561 3342 quae
1575 3243 1764 3330 sectionem
1777 3261 1915 3338 contin·

602 3369 686 3452 θαι,
707 3347 747 3427 &
763 3347 1001 3448 srtparallela
1026 3369 1127 3450 rectae
1145 3347 1321 3452 positione
1348 3352 1448 3434 dam.
1571 3369 1576 3380 '
1909 3351 1914 3360 ’
