4134 5460
381 463 680 589 sectionum
711 461 1026 582 (Ionicarum
1068 463 1195 584 Lib.
1230 468 1275 584 s.
1409 509 1489 623 49

237 667 318 740 Pars
333 687 367 762 3.
406 669 474 740 Vei
501 667 526 740 st
556 683 651 740 recta
674 662 750 736 XT
772 687 958 738 occurrens
984 663 1188 762 asymptoris
1213 665 1248 738 in
1263 665 1312 756 X,
1327 663 1379 755 T,
1406 685 1489 738 oon¹

183 780 304 854 veniat
325 805 411 854 cum
429 778 633 877 Hyperbosa
658 778 692 849 in
716 777 762 867 V,
791 783 829 852 ὅτ
848 775 915 850 sint
935 777 1114 874 segmenta
1129 779 1213 869 VX,
1226 777 1299 850 VT
1323 777 1489 872 aequalia,

184 915 280 970 recta
294 898 476 994 continget
491 895 733 990 Hyperbolam
752 893 789 966 iu
807 913 940 989 puncto
956 895 999 967 V.
1177 963 1186 980 ,

236 1007 377 1083 Namsi
400 1011 430 1081 ei
458 1026 656 1082 occurreret
682 1007 718 1079 in
746 1005 814 1077 alio
838 1023 971 1102 puncto
999 1023 1085 1102 puta
1096 1023 1133 1098 p,
1164 1005 1385 1104 segmentum
1401 1001 1439 1078 T
1450 1021 1491 1094 p,

184 1125 320 1219 aequale
339 1123 418 1196 esset
441 1122 621 1220 segmento
637 1120 721 1211 VX,
756 1127 833 1214 (per
854 1136 990 1216 partem
1008 1120 1130 1216 prim.)
1155 1119 1222 1193 hoc
1249 1120 1298 1192 est
1322 1117 1385 1218 ipsi
1403 1115 1491 1204 VT,

183 1240 279 1332 quod
297 1236 347 1310 est
361 1238 573 1310 absurdum:
602 1233 697 1330 Ergo
716 1255 787 1306 non
803 1235 954 1305 occurrit
969 1233 1185 1330 Hyperbolae
1200 1231 1262 1307 nisi
1274 1235 1310 1308 in
1326 1231 1372 1326 V,
1406 1225 1493 1327 ergo

182 1350 294 1445 ipsam
307 1349 505 1443 contingit,
538 1369 624 1418 nam
643 1367 714 1419 non
730 1344 833 1418 cadet
850 1369 894 1418 ex
909 1369 980 1417 una
996 1363 1093 1442 parte
1110 1364 1184 1418 tota
1199 1349 1288 1420 intra
1302 1344 1491 1440 Hyperbo-

183 1464 270 1556 lam,
305 1463 388 1560 quia
401 1461 543 1557 ponitur
559 1482 738 1533 occurrere
755 1457 909 1555 utrisque
930 1456 1004 1553 dus
1019 1458 1232 1557 asymptotia.
1291 1457 1387 1560 QE.
1406 1459 1452 1533 D.

235 1670 332 1746 Con.
349 1667 375 1744 Ι.
425 1666 624 1764 Asymptoti
641 1685 853 1742 concurmnt
867 1668 903 1742 in
926 1687 1046 1744 centro
1062 1667 1371 1765 Hyperbolam,
1406 1689 1490 1740 nam

182 1783 359 1858 ducantur
391 1780 471 1856 duae
504 1786 609 1856 rect'ae
633 1784 709 1874 ΟΒ,
726 1782 801 1854 HG
834 1784 924 1856 inter
952 1781 986 1855 se
1017 1783 1201 1879 parallelae,
1232 1779 1384 1854 secantes
1413 1779 1490 1874 Hy·

182 1895 367 1992 perbosam
390 1893 427 1968 in
456 1897 595 1990 punctis
621 1898 658 1986 S,
674 1896 709 1967 R
735 1901 774 1970 be
803 1913 867 1987 a,t
895 1900 933 1970 bt
965 1913 1187 1968 occurrentes
1215 1895 1420 1991 asymptotis
1438 1895 1490 1994 ¹in

181 2009 323 2104 punctis
339 2011 429 2100 QP
461 2013 500 2082 bc
518 2007 571 2100 H,
588 2009 635 2101 G,
664 2013 702 2082 ὅτ
726 2031 788 2104 per
816 2009 999 2082 occursum
1029 2009 1305 2103 asymptotorum
1327 2006 1358 2076 C
1385 2007 1491 2077 duca-

184 2141 242 2196 tur
272 2119 514 2196 CVbisariam
530 2123 648 2190 secans
664 2137 796 2190 rectam
821 2123 885 2214 QP
919 2130 955 2193 in
985 2123 1031 2210 Ο,
1062 2122 1138 2193 haec
1163 2143 1303 2212 quoque
1328 2115 1490 2191 bifariam

183 2233 316 2308 secabit
332 2249 465 2304 rectam
480 2229 566 2319 HG,
599 2232 678 2326 (per
695 2253 715 2305 2
732 2227 816 2301 Cor.
835 2255 868 2323 4.
887 2233 936 2317 6.)
965 2234 1000 2301 in
1018 2249 1151 2326 puncto
1172 2258 1215 2328 q,
1246 2231 1302 2304 sed
1320 2255 1403 2303 cum
1417 2233 1490 2334 seg·

184 2363 307 2420 menta
324 2344 398 2434 RP,
414 2343 500 2435 SQ
512 2359 554 2415 ut
570 2344 678 2416 etiam
693 2341 756 2432 tG‚
779 2339 842 2414 aH
856 2344 1002 2439 aequalia
1028 2344 1116 2435 sunt,
1140 2363 1234 2418 reeta
1249 2343 1313 2417 CV
1328 2345 1489 2419 bifariam

182 2459 309 2534 secabit
332 2457 419 2553 ipsas
436 2455 507 2548 SR,
535 2474 588 2528 ar
611 2455 818 2552 Hyperboid
844 2461 1067 2530 terminatas:
1099 2483 1184 2556 ergo
1211 2459 1288 2532 haee
1315 2477 1409 2532 recta
1439 2458 1490 2532 est

180 2573 352 2648 diameter
367 2569 555 2644 transversa
571 2569 813 2664 Hyperborea,
831 2571 957 2643 eodem
973 2571 1082 2644 modo
1096 2571 1229 2644 ostendi
1245 2573 1368 2668 potest,
1383 2575 1489 2645 aliam

181 2705 316 2761 rectam
333 2709 395 2783 per
412 2685 593 2759 occursum
608 2683 884 2780 asymptotorum
902 2685 1046 2758 ductam
1064 2684 1129 2758 esse
1146 2687 1360 2760 diametrum
1385 2687 1490 2760 trans·

186 2801 335 2878 versam.
385 2801 481 2894 Ergo
496 2799 682 2894 asymptoti
700 2815 913 2870 concurrunt
927 2801 963 2869 in
979 2819 1101 2871 centro
1115 2801 1412 2896 Hyperbolarum.

233 2917 329 2986 Con.
358 2912 401 2986 ΙΙ,
450 2909 579 2981 Omnis
596 2925 689 2980 recta
710 2907 805 2980 LCV
819 2910 926 2980 ducta
940 2933 1001 3005 per
1025 2929 1201 3000 centmm,
1223 2917 1260 2985 δι
1278 2913 1367 2984 intra
1381 2939 1489 3010 angu-

184 3027 261 3100 lum
278 3026 385 3100 HCG
397 3021 640 3120 Hyperbolam
655 3021 895 3096 continentem
909 3023 959 3096 est
981 3023 1153 3097 diameter
1169 3026 1374 3112 transversa,
1406 3051 1490 3100 narn

180 3141 318 3236 quaevis
341 3156 435 3212 recta
460 3137 567 3212 ducta
596 3131 657 3230 ipst
684 3135 779 3208 LCV
794 3135 958 3232 parallelo
973 3141 1010 3214 bt
1026 3137 1060 3210 in
1081 3137 1186 3233 plano
1202 3139 1489 3236 Hyperbolamm

38 3341 41 3346 Ι
184 3249 369 3325 necessario
383 3267 542 3322 occurret
555 3247 721 3318 lateribus
738 3249 871 3342 anguli,
898 3251 959 3342 qui
975 3251 1139 3345 deinceps
1153 3253 1203 3324 est
1225 3253 1356 3347 angulo
1370 3251 1489 3338 HCG,

183 3367 222 3437 bt
251 3385 336 3458 ergo
364 3376 523 3433 occurret
553 3353 717 3454 oppositis
730 3357 947 3456 Hyperbolis
970 3362 1065 3452 (Cor.
1091 3386 1124 3452 4.
1145 3361 1282 3437 adDes.
1303 3386 1318 3434 2
1326 3368 1377 3458 5.)
1404 3387 1488 3460 ergo

182 3474 254 3570 ipsa
271 3473 368 3546 LCV
387 3471 469 3546 huic
495 3490 596 3544 rectae
621 3469 783 3568 parallela
806 3489 964 3544 occurret
981 3470 1078 3564 (Cor.
1097 3495 1129 3566 3.
1146 3473 1191 3546 ad
1206 3473 1286 3548 Def.
1306 3473 1412 3572 Secr.)
1426 3499 1487 3572 op-

182 3583 524 3684 positisHyperbolis
538 3626 547 3675 ;
563 3583 620 3657 sed
634 3583 751 3658 transit
768 3609 828 3684 per
844 3604 1018 3676 centrum,
1034 3609 1116 3683 ergo
1131 3585 1180 3664 est
1195 3589 1364 3664 diameter
1379 3591 1485 3665 trans-

183 3701 278 3775 versa
302 3725 364 3798 per
378 3699 458 3775 Des.
479 3721 533 3798 19.

232 3819 323 3890 Coa.
340 3813 400 3890 111.
452 3811 579 3884 Omnis
595 3829 689 3884 recta
704 3809 787 3882 MN
807 3811 914 3884 ducta
931 3835 992 3907 per
1008 3833 1184 3905 centrum,
1215 3813 1253 3888 ἃ
1275 3817 1364 3890 intra
1380 3841 1488 3912 angu-

184 3925 262 3998 lum
279 3927 338 4020 qui
356 3926 523 4020 deinceps
534 3921 583 3996 est
599 3921 727 4018 angulo
741 3919 850 3994 HCG
862 3921 1108 4017 Hyperbolam
1126 3927 1332 4018 continenti,
1351 3926 1398 4001 est
1414 3928 1485 4000 dia-

184 4057 298 4113 meter
314 4040 469 4115 secunda.
520 4039 616 4110 Nam
633 4059 694 4136 per
719 4053 892 4132 punctum
908 4037 1058 4130 quodvis
1075 4037 1108 4110 Ο
1124 4039 1214 4112 intra
1227 4037 1484 4139 Hyperbolam,

184 4151 334 4229 ducatur
364 4147 457 4230 recta
481 4153 541 4251 ipsi
565 4153 647 4228 MN
677 4152 858 4338 parasse&
889 4171 985 4250 patet
1012 4179 1092 4230 eam
1117 4181 1298 4234 occurrere
1320 4159 1485 4344 latppiibuls¹

1414 4297 1486 4370 gur
